2594 4108
637 127 655 190 ⁵

124 304 212 360 quam
232 304 299 342 sane
318 285 558 344 necessitudinem
578 287 665 346 etiam
682 289 774 363 poetis
787 288 954 346 contrahere
969 285 1047 356 licet,
1062 302 1092 342 aa
1106 304 1171 342 oum

124 364 162 421 iis
176 369 289 422 tantum
299 384 371 439 quos
383 366 502 424 finxisse
515 366 571 441 ipsi
585 367 640 426 sibi
653 367 810 426 consciunt.
833 367 864 424 N
866 365 991 424 iebahrii
1004 368 1100 422 autem
1115 365 1172 420 for-

125 447 198 501 tuna
211 443 303 501 multo
321 444 412 520 major
425 464 469 502 res
483 449 527 505 est
542 465 629 520 quam
648 447 673 504 si
691 446 755 522 quis
774 445 886 518 ingenti
904 444 1000 501 labore
1021 443 1174 500 immensos

125 521 286 580 coelestium
307 523 388 580 orbes
410 523 491 580 nullo
515 523 598 582 vitali
622 525 725 598 spiritu
746 525 897 583 instinctos
917 542 969 598 per
989 521 1074 579 inane
1095 521 1174 579 volvi

126 612 193 658 ante
204 601 301 658 oculos
315 601 487 677 sibi'ponat:
504 612 533 662 et
547 603 571 660 si
584 608 681 662 nostra
691 610 858 662 caeterorum
872 601 1013 676 imprimis
1022 601 1175 675 quaerenda

127 679 166 738 sit
185 679 308 745 utilitas,
325 679 354 736 ei
372 681 451 738 haud
471 683 543 740 male
564 683 739 740 consuluisse
759 682 884 751 videtur,
898 681 950 757 qui
968 681 1079 756 primus
1099 679 1176 736 inter

127 761 243 816 umbras
257 758 357 826 solida,
370 758 447 818 inter
459 759 627 819 indistincta
641 763 777 832 ordinem,
794 761 870 818 inter
883 762 1003 818 obscura
1015 759 1110 815 lucem
1124 763 1175 814 aut

127 837 190 912 ipse
210 836 370 912 exquisivit
390 845 442 896 aut
455 841 632 915 exquirenda
651 842 754 898 saltem
773 860 834 898 esse
854 838 1085 913 docuit3-quod
1098 846 1176 894 recte

130 915 308 991 sapientibus
321 917 408 974 etiam
421 918 515 994 majus
528 919 622 976 videri
635 923 738 994 potest.

169 993 264 1066 Magis
286 995 393 1053 scilicet
414 999 548 1056 convenit
569 997 728 1056 conditioni
745 997 814 1055 vitae
835 1001 947 1067 nostrae,
969 995 1179 1072 quoniam—ut

129 1074 201 1132 bene
216 1074 257 1130 M.
271 1073 538 1134 Seneca-“sordet
551 1077 665 1151 cognita
678 1077 815 1147 veritas,”
826 1095 889 1134 eam
905 1095 1017 1150 sperare
1031 1093 1063 1132 ac
1078 1077 1178 1150 paula·

130 1151 185 1211 tim
203 1153 316 1228 assequi
330 1173 419 1228 quam
437 1155 640 1230 deprehensam
655 1155 717 1232 jam
733 1160 840 1224 tenere,
854 1154 1086 1230 quandoquidem
1101 1153 1178 1210 veri-

129 1234 220 1290 tatem
244 1231 348 1290 habere
371 1234 488 1309 quidem
515 1233 645 1309 plerique
672 1234 803 1310 cupiunt,
831 1252 925 1291 amare
953 1238 1051 1290 autem
1075 1233 1181 1290 debent

131 1313 283 1376 amasset
301 1330 366 1386 quae
388 1312 420 1369 in
441 1314 552 1370 caeteris
573 1312 656 1370 bonis
680 1313 808 1372 cernitur
825 1313 873 1370 lex
894 1313 1070 1386 superbene
1093 1313 1179 1370 etiam

131 1389 251 1460 obtinet,
273 1393 351 1465 quod
375 1391 446 1449 alias
468 1411 611 1448 meremur
634 1392 705 1450 alias
729 1391 861 1459 fruimur,
881 1410 975 1466 neque
992 1391 1053 1466 jam
1078 1409 1181 1448 corona

131 1469 281 1526 hominum
300 1469 502 1543 intelligentiae
523 1471 645 1528 debetur
658 1472 708 1528 sed
727 1471 869 1547 palaestra,
882 1469 915 1526 in
935 1478 993 1544 qua
1012 1469 1182 1543 degentibus

131 1567 190 1606 non
200 1547 278 1604 omni
291 1549 419 1623 profecto
432 1567 526 1606 errore
535 1569 637 1606 vacare
651 1549 728 1619 licet,
742 1557 772 1607 at
785 1549 861 1606 nulli
871 1551 947 1606 certe
961 1549 1012 1606 diu
1026 1549 1180 1618 inservire3

130 1626 222 1684 -ille
242 1645 309 1683 vero
333 1627 459 1686 nobilem
480 1628 607 1703 praebuit
628 1629 792 1702 palestram
816 1629 867 1703 qui
890 1627 1040 1685 historiam
1062 1628 1182 1684 Romam

131 1705 202 1763 scite
217 1705 358 1763 edolatam
372 1707 575 1782 evolutamque
590 1707 720 1764 sordibus
734 1707 934 1765 elaborandam
947 1706 1038 1763 doctis
1052 1706 1180 1764 tradidit.

171 1785 214 1842 nt
228 1784 362 1860 qualibus
376 1786 550 1861 quantisque
569 1785 715 1844 sordibus!
757 1786 861 1844 Omnia
877 1784 953 1842 enim
968 1785 1048 1842 inani
1062 1785 1183 1842 clamore

131 1863 238 1922 referta
251 1874 334 1920 erant
352 1865 534 1923 laudantium
554 1869 584 1924 et
604 1865 777 1935 docentium,
795 1884 918 1944 quorum
931 1863 977 1920 illi
992 1864 1068 1921 clara
1085 1863 1184 1938 turpia

132 1953 211 2000 certa
230 1943 341 1999 incerta
359 1943 423 2018 pari
443 1944 632 2001 admiratione
653 1943 817 2016 efferebant,
833 1963 927 2018 neque
947 1961 998 2016 pro
1018 1943 1184 2000 hominihus

132 2021 278 2078 habehant
298 2022 441 2080 Romanos
454 2027 565 2080 veteres
585 2023 634 2080 sed
655 2041 705 2098 pro
726 2023 795 2094 Dis;
815 2022 847 2079 hi
862 2041 930 2079 vero
950 2021 981 2077 in
1000 2021 1120 2078 diversis
1139 2040 1184 2078 re-

133 2100 198 2170 bus,
212 2107 338 2174 tempore
356 2099 441 2174 louge
455 2101 577 2168 diverso,
590 2105 696 2159 rectam
718 2101 848 2159 civilium
865 2099 1076 2157 institutionem
1097 2102 1184 2174 atque

134 2179 371 2251 gubernationem
393 2181 428 2237 ab
458 2180 564 2238 effectu
592 2181 764 2238 infectorum
791 2180 967 2238 confidenter
993 2179 1181 2236 deducebant.

133 2257 334 2315 'laedebantur
347 2257 440 2316 multa
459 2277 511 2316 nee
532 2258 587 2316 sibi
607 2259 677 2316 satis
697 2259 857 2317 constantia
876 2277 928 2316 nec
946 2276 1044 2315 rerum
1057 2257 1182 2314 veritati.

134 2335 226 2393 Multi
248 2336 391 2394 adversati
416 2343 498 2395 erant
521 2337 592 2396 talia
618 2337 749 2395 refellere
776 2338 933 2406 studentes,
960 2337 1066 2412 quibus
1087 2339 1185 2392 tamen

134 2415 225 2493 vulgo
248 2415 342 2473 adhuc
364 2416 542 2486 credebatur,
565 2417 701 2492 quoniam
721 2435 823 2492 parum
843 2421 1025 2492 perspectum
1046 2416 1185 2472 haberent

131 2494 156 2552 ii
170 2494 222 2571 qui
240 2494 411 2552 refellebant
423 2495 500 2552 unde
515 2495 670 2570 quaerenda
689 2501 784 2553 essent
804 2502 855 2553 aut
874 2494 959 2551 initia
978 2493 1045 2550 falsi
1058 2504 1110 2551 aut
1123 2493 1185 2550 veri

133 2573 250 2631 indicia.
293 2573 414 2630 Nullam
434 2573 542 2648 quippe
566 2574 658 2647 legem
682 2574 776 2649 operis
800 2575 944 2632 habebant
964 2573 1022 2630 nisi
1045 2572 1185 2629 miracula

132 2653 244 2719 tollere,
267 2652 373 2728 quibus
400 2653 650 2710 substituebantur
673 2653 828 2710 domestica
855 2653 986 2728 quaedam
1013 2658 1182 2718 commenta,

134 2733 227 2790 multo
247 2734 345 2790 minus
365 2732 492 2805 speciosa
511 2751 605 2807 neque
625 2751 658 2788 eo
672 2735 798 2804 veriora3
819 2731 906 2789 immo
928 2731 1055 2805 antiquis
1079 2729 1185 2788 fabulis

133 2809 249 2869 inerant
269 2811 414 2868 interdum
435 2811 575 2868 factorum
589 2810 721 2883 vestigia,
737 2811 843 2868 frustra
863 2811 940 2884 apud
960 2809 1131 2884 Dionysium
1153 2827 1185 2865 ac
1285 2863 1286 2866 ,

136 2890 325 2948 Plutarchum
349 2907 502 2966 eorumque
524 2889 634 2946 similes
657 2891 828 2963 quaerenda:
858 2890 973 2946 nullum
996 2888 1186 2945 adhibebatur

135 2969 290 3026 discrimen
311 2969 373 3026 sive
397 2967 505 3026 insulse
529 2968 661 3026 fictorum
682 2969 742 3025 siva
765 2973 872 3025 temere
896 2968 1078 3036 creditorum,
1102 2985 1185 3024 nemo

137 3048 213 3121 apud
235 3047 348 3106 Graecos
367 3047 486 3105 inventa
506 3051 558 3105 aut
579 3067 595 3104 a
616 3046 723 3105 Graecis
743 3047 883 3104 translata
904 3047 940 3104 ab
961 3046 998 3103 iis
1021 3047 1186 3102 secernebat

136 3145 201 3201 quae
225 3127 303 3185 inter
323 3127 400 3200 ipsos
420 3126 512 3184 Italos
532 3126 632 3183 adulta
652 3129 743 3185 erant.
784 3125 829 3182 De
850 3144 907 3200 quo
927 3125 1061 3182 universo
1083 3143 1185 3198 genere

133 3206 282 3262 hominum
298 3206 375 3262 haud
389 3205 482 3262 multa
495 3205 589 3263 dicere
599 3204 631 3262 in
643 3205 737 3262 animo
747 3211 803 3274 est;
820 3223 887 3261 nam
901 3204 1057 3260 Romulum
1068 3222 1085 3260 a
1097 3204 1184 3260 Sena·

133 3284 245 3342 toribus
258 3284 435 3359 discerptum
449 3303 627 3358 uxoremque
640 3283 774 3342 Faustuli
788 3284 907 3356 vulgato
928 3301 1044 3356 corpora
1061 3281 1184 3355 ‘lupam'

133 3362 270 3419 nimirum
284 3365 466 3440 appellatam,
483 3363 549 3439 quis
562 3376 605 3420 est
619 3363 670 3437 qui
683 3362 792 3419 nesciat
806 3366 857 3420 aut
873 3361 949 3418 ferre
963 3359 1073 3436 possit?
1109 3361 1185 3417 Satis

133 3444 245 3498 constat
255 3445 343 3500 totam
354 3461 450 3499 rerum
462 3443 564 3500 seriem
574 3459 621 3498 eos
632 3460 792 3515 numquam
802 3441 973 3518 impugnare
984 3440 1107 3508 adortos,
1116 3439 1186 3496 licet

135 3519 215 3576 haud
224 3521 265 3576 ita
275 3538 338 3578 raro
348 3521 549 3578 laudationum
560 3518 715 3590 mendacia,
730 3539 833 3576 vanam
843 3519 997 3577 titulorum
1005 3518 1187 3593 jactantiam,

134 3597 304 3656 varietatem
328 3599 477 3656 annalium
498 3597 721 3673 discrepantiam
749 3602 889 3654 fastorum
913 3597 1094 3654 acerbissime
1119 3615 1184 3652 con-

135 3691 259 3754 questos.
297 3677 375 3742 Quos
389 3677 466 3753 ipsos
479 3676 651 3736 recentiores
666 3675 784 3751 quidam
799 3695 831 3732 aa
844 3676 988 3750 praecipue
1002 3673 1186 3732 Beaufortius

134 3757 177 3816 ita
194 3757 329 3816 insectati
347 3766 418 3817 sunt
439 3760 474 3816 ut
494 3755 634 3815 nonnulla
657 3755 852 3830 exploderent,
874 3753 971 3813 omnia
994 3753 1183 3823 infirmarent,
