2594 4108
652 100 690 155 20

144 247 276 308 facienda
300 247 386 307 simul
407 247 531 308 fuissent
557 249 589 307 in
617 253 694 308 certo
714 269 811 310 rerum
835 251 912 309 statu
937 247 1079 324 colligere,
1104 269 1199 328 neque

144 347 244 387 causas
257 329 394 403 indagare
408 348 458 386 cur
472 329 623 388 silerentur
634 331 765 408 quadam
778 335 924 406 autprave
936 333 1129 402 narrarentur,
1145 331 1198 390 ubi

142 407 269 484 primum
283 407 427 466 inscitiam
440 412 571 467 veterum
592 412 622 468 et
642 409 850 484 negligentiam
867 408 1084 484 vanitatemque
1105 411 1197 468 latere

142 487 344 562 prohibuisset.
387 486 464 550 Quid
490 487 583 546 dicam
606 489 682 566 quod
708 488 764 564 ipsi
784 489 867 547 fictos
889 488 1050 562 triumphos
1071 508 1195 547 comm-e-

142 573 267 634 morant,
283 571 452 624 extenuatas
471 567 566 624 clades
587 567 791 625 commentisve
805 566 934 625 victoriis
947 576 1195 640 compensatus,—

142 646 219 723 quod
242 646 266 702 si
291 647 356 722 quis
380 644 435 702 sibi
461 645 492 703 in
518 646 599 704 alode
622 646 746 704 Alliensi
769 665 937 723 persuasum
956 645 1090 704 habuerit
1111 645 1195 721 prius
1289 653 1290 700 1

140 724 227 782 etiarn
255 725 287 782 in
313 723 445 782 Caudini
468 743 543 800 pace¹
561 725 699 800 suspicari
722 725 847 800 poterit;
875 743 969 800 neque
996 724 1074 781 enim
1097 725 1193 782 simile

139 801 272 862 Levisius
286 804 451 878 exemplum
468 803 584 873 attulit3
607 823 673 861 nam
689 804 713 860 si
726 823 778 861 nos
794 805 831 861 ad
850 802 1050 879 Shakespearii
1063 807 1193 862 mentem
1289 867 1290 872 ἵ

137 881 226 939 finem
253 883 323 940 belli
346 882 451 940 Gallici
477 883 628 959 foedusque
650 902 717 940 cum
741 883 841 941 Oarclo
870 883 998 956 Septimo
1024 882 1116 940 ictum
1143 903 1191 940 ac·
1289 915 1290 922 κ

138 961 309 1036 cepissemus
333 965 384 1019 aut
406 961 579 1019 debellatam
601 961 784 1020 (haledoniam
804 965 869 1036 post
892 979 1019 1034 pugnam
1039 961 1192 1019 Bannock-

136 1039 305 1097 burnensim
324 1040 517 1106 finxissemus,
538 1059 622 1098 nemo
642 1040 817 1098 nostratibus
837 1041 951 1098 credere
972 1040 1117 1098 debuisset
1137 1060 1192 1115 per

136 1118 234 1176 fauces
259 1119 444 1196 Ohybernas⁸
468 1119 583 1176 funesta
606 1119 710 1176 itinera
732 1119 809 1177 felici
831 1119 1045 1196 oppugnatione
1070 1119 1190 1180 Arianae

138 1197 216 1254 urbis
230 1205 412 1274 compensata
426 1198 623 1256 scribentibus.

175 1275 215 1334 Et
238 1277 300 1335 haec
322 1276 438 1352 quidem
460 1277 495 1334 de
517 1297 628 1335 summa
647 1275 689 1333 rei
710 1277 831 1349 censuit,
847 1278 882 1334 de
902 1277 1024 1352 singulis
1036 1277 1112 1336 nihil
1125 1283 1189 1338 tarn

133 1351 256 1414 infidum
280 1375 340 1413 esse
364 1375 451 1431 quam
474 1355 609 1413 victorias
632 1355 693 1413 sine
717 1357 872 1431 triumphis
892 1357 999 1428 docuit,
1024 1357 1188 1432 triumphos

135 1434 205 1490 adeo
223 1435 276 1492 vix
295 1454 355 1492 esse
371 1435 443 1492 fidos
464 1438 535 1509 quot
555 1436 590 1492 de
610 1435 741 1493 hostibus
758 1435 889 1494 infractis
909 1436 1002 1493 habiti
1022 1440 1186 1509 narrentur,

135 1512 241 1589 quippe
255 1513 371 1572 meliore
385 1513 442 1571 fide
455 1514 589 1571 effectum
609 1515 772 1589 praeliorum
792 1535 879 1590 quam
899 1513 962 1590 ipsa
980 1514 1080 1590 praelia
1097 1517 1185 1584 tradi,

133 1593 274 1651 nonnulla
299 1597 364 1669 post
391 1597 498 1668 coeptos
525 1593 641 1650 annales
667 1613 705 1652 ex
731 1593 905 1652 carminibus
932 1594 1022 1666 illata,
1050 1595 1125 1670 quod
1151 1595 1184 1652 in

132 1669 231 1729 Marco
256 1671 378 1730 Caedicio
401 1671 512 1748 plebeio
538 1671 664 1747 conspici
685 1675 721 1731 ob
744 1673 860 1748 pulsum
881 1693 899 1730 a
918 1673 999 1731 Veiis
1021 1673 1184 1732 exercitum

133 1750 284 1808 Gallorum
305 1751 381 1808 claro
405 1751 590 1826 auditamque
614 1751 666 1808 Aii
689 1751 803 1810 Locutii
825 1770 943 1821 vocem;
971 1770 1065 1828 neque
1092 1771 1184 1828 pauca

132 1830 285 1902 gentilium
306 1829 455 1906 jactantia
476 1831 564 1886 immo
587 1831 773 1888 mendacitati
798 1831 904 1900 deberi,
926 1850 1015 1906 quum
1039 1831 1123 1906 plura
1146 1833 1183 1888 de

133 1907 258 1966 Valeriis
278 1909 442 1976 habeamus,
456 1908 540 1984 plura
561 1910 596 1966 de
610 1909 645 1974 Q.
660 1910 749 1968 Fabio
773 1909 909 1967 Rulliano
932 1929 1018 1984 quam
1042 1911 1067 1968 si
1086 1929 1183 1985 aequcs
1289 1911 1290 1960 i

131 1992 261 2046 auctores
280 1988 495 2064 accepissemus,
515 1995 648 2046 caeterum
670 1989 836 2047 continuam
857 1989 1003 2046 exstitisse
1023 2009 1120 2046 rerum
1137 2009 1182 2046 re-

131 2067 332 2137 cordationem,
348 2069 379 2124 id
400 2067 488 2125 etiam
509 2067 669 2142 antiquitus
693 2068 842 2138 creditum,
857 2087 894 2124 ne
913 2068 977 2145 quis
991 2069 1026 2126 ad
1040 2069 1180 2144 placitum

131 2149 324 2204 commentum
338 2147 473 2216 crederet,
490 2145 550 2204 sine
565 2165 621 2222 qua
634 2151 695 2205 tam
709 2147 801 2204 multa
814 2157 907 2222 neque
928 2167 1039 2223 semper
1051 2148 1180 2204 maxima
1289 2201 1290 2210 ,

130 2230 190 2283 tarn
203 2225 326 2282 fidenter
344 2226 421 2283 tradi
441 2225 494 2282 vix
513 2244 641 2300 unquam
654 2225 814 2301 potuissent
832 2233 867 2282 ut
885 2229 947 2283 tam
960 2230 1179 2284 consentaneam

127 2304 360 2381 probabilemque
382 2303 604 2380 explicationem
623 2308 800 2379 paterentur.
841 2305 921 2362 Hinc
943 2304 1035 2378 igitur
1057 2303 1178 2362 minime

128 2383 324 2442 absistendum
350 2384 514 2448 arbitratur,
544 2383 719 2440 detrahenda
746 2382 829 2438 modo
860 2382 933 2439 falsa
961 2389 1047 2456 atque
1078 2382 1173 2452 dubia,

129 2463 235 2540 quippe
252 2481 316 2536 quae
336 2462 422 2519 certis
440 2463 475 2519 de
493 2462 585 2519 causis
604 2469 634 2519 et
652 2461 712 2518 sine
730 2479 835 2532 magna
852 2461 927 2518 mole
945 2459 1110 2532 detegendis
1129 2477 1174 2515 ac-

129 2543 293 2610 crevissent,
310 2542 484 2599 credendum
504 2545 601 2598 tamen
621 2559 690 2609 esse,
712 2547 863 2614 postquam
882 2539 959 2594 nihil
978 2536 1115 2596 intentati
1136 2537 1175 2596 sit

127 2619 263 2678 relictum
275 2621 342 2695 plus
355 2620 448 2678 inesse
462 2618 542 2676 dubii
556 2619 666 2676 bellicis
679 2619 764 2675 rebus
777 2637 863 2693 quam
877 2616 1019 2674 civilibus.

168 2699 233 2756 Hoc
260 2703 336 2770 sunt,
365 2699 466 2773 opinor
492 2701 567 2754 artes
598 2698 702 2773 quibus
733 2695 855 2769 contigit
881 2696 1033 2753 Livianam
1058 2695 1174 2756 laurum

128 2777 250 2854 assequi.
292 2778 420 2842 Quorum
434 2775 673 2850 comparationem
686 2793 763 2832 nunc
776 2775 933 2848 aggredior,
946 2795 1048 2832 novam
1062 2775 1174 2835 confido

127 2857 219 2930 magis
240 2875 301 2914 rem
322 2875 409 2933 quam
433 2857 567 2913 absonam
591 2857 642 2912 aut
668 2853 821 2925 difficilem,
844 2873 938 2930 neque
961 2855 1031 2912 adeo
1053 2855 1174 2914 fortasse

126 2955 241 2993 novam.
282 2935 374 2992 Erant
400 2934 477 2991 enim
500 2933 557 2989 viri
583 2933 674 3006 magis
698 2933 780 2990 exitu
804 2945 962 3008 coeptcrum
988 2953 1075 3010 quarn
1101 2933 1173 3009 ipsis

126 3015 225 3090 caeptis
239 3013 399 3085 dissimiles,
416 3031 468 3070 nec
485 3015 582 3069 mente
595 3016 625 3069 et
637 3012 733 3068 indole
750 3012 902 3069 admodum
916 3013 1058 3088 dispares;
1080 3032 1173 3072 unum

124 3094 185 3151 fere
198 3093 335 3150 intererat
348 3102 378 3149 et
397 3092 429 3148 id
448 3091 564 3169 quidem
584 3109 677 3165 perse
695 3091 863 3148 maximum.
905 3091 1045 3150 Veritatis
1061 3092 1173 3150 scilicet

124 3171 284 3228 incuriosus
302 3179 363 3228 erat
378 3170 542 3240 Patavinus,
558 3169 735 3227 Niebuhrius
756 3170 906 3244 indagator
921 3170 1169 3245 diligentissimus.

123 3251 232 3309 Praeter
252 3249 366 3307 dicendi
385 3268 475 3323 genus
495 3249 702 3307 conveniebant
722 3254 832 3307 caetera.
874 3247 1034 3324 Utriusque
1049 3253 1112 3306 erat
1124 3250 1172 3307 in·

123 3331 241 3403 genium
255 3329 341 3386 alieni
355 3328 461 3386 doloris
478 3327 528 3386 iras
544 3327 641 3402 gaudii
659 3346 759 3401 capax,
772 3332 894 3404 uterque
907 3327 938 3384 id
951 3331 1043 3402 egisse
1056 3327 1171 3387 videtur

122 3416 157 3466 ut
183 3408 259 3484 quod
285 3407 318 3464 in
345 3407 439 3466 Sacris
463 3407 559 3465 Libris
583 3406 709 3464 traditur
737 3407 888 3464 exsiccatis
914 3407 1024 3465 ossibus
1049 3407 1171 3466 vitalem

120 3485 229 3544 afflaret
250 3486 401 3561 Spiritum,
424 3486 609 3562 vividumque
632 3505 728 3544 rerum
747 3486 903 3560 imaginem
924 3486 990 3544 stilo
1010 3486 1167 3560 effingeret,

116 3563 239 3641 uterque
265 3567 444 3642 propositum
469 3566 634 3624 felicissime
660 3566 773 3640 peregit
780 3585 788 3636 ;
817 3585 849 3623 co
873 3575 988 3624 tantum
1014 3565 1168 3624 dissimiles

157 3745 167 3770 ⁸
185 3739 238 3788 The
245 3740 394 3806 expedition
406 3740 518 3808 through
529 3741 574 3792 tbe
586 3741 691 3808 Kbybcr
702 3757 784 3808 passer
796 3741 847 3792 and
857 3741 901 3792 the
913 3741 998 3793 Reliei
1005 3741 1034 3792 ci
1043 3741 1132 3793 Horat.
