2594 4108
627 77 663 138 17

118 219 244 282 difficile.
287 225 390 288 Restat
413 229 507 290 adhuc
529 231 617 308 hujus
642 229 731 290 alium
754 249 807 289 uec
830 229 1021 306 spernendum
1045 247 1167 287 comme·

118 319 229 360 morare
250 304 385 378 fructum,
401 312 436 368 ut
455 309 523 368 hino
543 310 725 385 intelligatur
747 329 804 388 quo
823 316 907 385 pacto
926 307 1038 368 tamdiu
1059 308 1170 366 factum

117 379 156 437 sit
169 385 203 439 ut
217 383 249 441 11
267 386 425 461 superiores
442 388 552 448 fuerint
571 394 677 464 patres,
690 410 781 466 quum
801 389 836 446 da
856 387 998 463 patientia
1014 387 1108 462 plebis
1123 387 1169 444 tot

117 459 271 520 seditiones
284 465 512 544 secessionesque
525 469 669 527 molientis
682 488 783 545 parum
797 467 968 543 sperandum
981 466 1064 523 foret.
1090 465 1168 522 Nam

118 535 272 599 Claudium
292 543 450 620 Dionysius
472 547 504 604 in
526 548 589 606 loco
613 567 699 622 supra
721 547 808 605 citato
832 547 1020 604 disserentem
1043 543 1166 614 inducit,

117 616 207 674 satius
221 640 281 678 esse
304 622 416 681 Latinis
437 625 504 683 dare
522 626 713 703 municipium
734 645 820 702 quam
840 624 969 684 tribunos
988 623 1080 699 plebis
1092 622 1164 698 pati,

116 697 195 754 unde
215 697 384 760 Latinorum
404 704 514 762 auxilio
534 705 689 763 cohibitam
708 705 798 762 fuisse
817 704 940 780 plebem,
955 703 1002 761 cui
1018 701 1167 760 suffecturi

33 849 35 854 Ι
115 791 175 831 111
193 783 289 838 essent
312 780 439 852 clientes,
455 783 524 841 satis
547 790 580 842 ut
598 785 631 842 in
649 784 776 860 antiquis
794 786 879 842 rebus
898 786 987 858 patet.
1029 781 1070 839 Et
1090 780 1167 838 idem

117 851 282 930 Dionysius,
299 859 368 918 dum
388 861 443 920 sibi
462 862 613 939 discrepat,
627 863 781 921 N'nebuhrii
799 863 985 938 placitatum
1003 861 1038 918 de
1051 858 1165 918 clienti-

116 931 247 993 bustum
262 938 297 994 de
310 939 393 1014 plebe
413 941 526 1016 egregie
539 943 644 1013 firmat,
661 962 751 1019 quum
770 961 839 1000 mox
859 949 945 1016 neget
957 937 1165 998 mercenarium

116 1017 259 1086 quactum
285 1020 372 1093 atque
396 1019 517 1078 artificia
544 1021 681 1079 Romanis
707 1021 795 1079 fuisse
823 1039 962 1091 concessa,
991 1037 1060 1076 mox
1087 1016 1165 1077 dicat

116 1091 230 1166 opificio
250 1101 410 1155 mercatura
430 1118 498 1172 agro
517 1098 628 1158 victum
648 1100 813 1176 quasiviss'e
831 1103 950 1157 veteres.
990 1097 1075 1156 Unde
1096 1095 1165 1154 satis

118 1173 268 1232 constabat
288 1175 438 1252 antiquam
459 1178 655 1255 sinceramque
674 1179 788 1253 plebem
808 1181 934 1253 agrestes
952 1175 1048 1244 fuisse,
1063 1183 1165 1264 catera

116 1248 154 1306 ad
167 1251 286 1310 clientes
298 1257 451 1328 pertinere.
491 1258 557 1315 Hoc
570 1277 637 1316 sune
650 1257 725 1314 111111
738 1261 832 1331 potest
846 1267 896 1314 aut
910 1255 1060 1314 sententiae
1073 1258 1165 1312 nostri

115 1331 355 1390 accommodatius
379 1353 449 1401 esse,
470 1336 584 1410 plebem
607 1357 645 1394 ex
668 1336 754 1394 111111
777 1337 853 1411 agris
876 1335 993 1393 allatam
1018 1354 1086 1405 esse,
1114 1336 1166 1391 aut

116 1405 300 1468 Mommsenii
313 1412 427 1487 placitis
441 1415 567 1490 apertius
580 1435 716 1490 pugnare,
732 1414 793 1491 qui,
806 1435 843 1473 ne
857 1413 971 1473 traditis
985 1413 1062 1470 Anci
1074 1413 1165 1470 vieto-

95 1541 97 1544 .
113 1485 166 1543 riis
179 1489 284 1560 credat,
300 1490 414 1566 plebem
430 1512 468 1550 ex
481 1495 667 1571 emancipatis
686 1494 848 1564 clientibus,
864 1499 915 1550 aut
934 1493 1022 1552 etiam
1035 1490 1165 1550 metoecis

115 1567 271 1625 accrevisse
284 1570 436 1645 paullatim
450 1576 577 1631 censeat:
600 1573 743 1650 simulque
756 1592 896 1631 novorum
909 1571 1017 1630 civium
1033 1571 1164 1628 videmus

114 1646 301 1705 secessionem
320 1648 352 1706 in
371 1651 456 1708 rebus
476 1645 671 1710 laborantibus
684 1653 766 1728 quasi
786 1651 949 1726 legitimum
969 1650 1057 1707 fuisse
1069 1667 1160 1708 reme·

114 1721 204 1782 dium.
226 1726 306 1785 Huic
320 1727 413 1784 ordini
428 1749 492 1787 suos
505 1731 594 1788 fuisse
606 1732 728 1806 putabat
740 1731 860 1800 nobiles,
874 1728 1003 1806 patriciis
1017 1732 1046 1786 et
1059 1745 1163 1804 genere

114 1807 144 1860 et
156 1802 266 1862 virtute
278 1825 361 1881 pares
380 1826 475 1884 neque
495 1810 565 1867 adeo
585 1811 713 1884 dispares
733 1811 843 1886 opibus,
858 1808 909 1886 qui
928 1808 1005 1865 inter
1017 1813 1163 1884 equestres

114 1883 259 1942 centurias
285 1886 468 1958 referrentur,
498 1887 549 1964 qui
575 1889 749 1947 connubium
776 1893 953 1964 expeterent,
982 1887 1161 1946 consulatum

114 1959 311 2034 efflagitarent,
328 1967 358 2022 11
371 1966 454 2040 quasi
468 1967 604 2025 acerrimo
617 1968 676 2026 telo
693 1971 844 2027 uterentur
857 1965 972 2024 miseria
986 1969 1161 2038 caeterorum,

115 2038 167 2113 qui
181 2059 235 2098 aere
249 2041 341 2100 alieno
354 2044 524 2117 laborarent,
540 2046 649 2104 t'oenorc
668 2049 864 2115 obruerentur,
879 2045 937 2119 legi
950 2046 1067 2118 agrariae
1081 2046 1164 2106 velut

115 2117 202 2176 unico
215 2121 300 2178 rebus
313 2121 372 2180 suis
384 2124 510 2182 remedio
520 2125 688 2202 aspirarent,
698 2126 854 2184 honoribus
863 2144 900 2183 ne
911 2124 1004 2182 dicam
1017 2124 1164 2200 republica

114 2195 259 2256 liberrime
272 2202 439 2260 concessuri.

154 2277 174 2335 J
175 2295 278 2353 amque
292 2280 329 2336 ad
341 2299 401 2337 rem
415 2281 557 2355 agrariam
576 2283 670 2356 venio,
684 2302 772 2358 quam
791 2282 834 2342 ita
846 2282 1024 2342 Niebuhrius
1043 2281 1162 2358 indaga·

114 2353 207 2414 11111
220 2359 244 2414 11
257 2357 333 2415 nihil
343 2358 422 2418 aliud
436 2361 594 2436 scripsisset
608 2369 659 2420 aut
671 2381 759 2437 prave
773 2362 877 2434 omnia,
893 2362 1006 2437 egregie
1019 2367 1116 2420 tamen
1127 2363 1162 2420 de

111 2433 232 2492 historia
251 2441 316 2494 turn
329 2437 459 2496 Romana
477 2443 542 2498 tum
561 2441 696 2499 universa
715 2441 818 2500 fuisset
837 2441 972 2512 meritus3
996 2445 1110 2499 tantum
1128 2441 1161 2500 in

112 2513 166 2571 hoc
180 2515 260 2574 dedit
273 2535 349 2574 verae
363 2516 521 2593 disciplina
536 2518 688 2593 specimen,
705 2524 820 2596 tamque
840 2521 988 2578 obscuram
1005 2539 1067 2578 rem
1080 2525 1160 2578 vete·

112 2609 177 2650 rum
198 2593 261 2652 loca
283 2598 366 2653 tanta
389 2595 543 2672 colligendi
565 2598 820 2672 i11dustria,tanto
842 2599 1006 2675 explicandi
1030 2619 1161 2658 successu

113 2671 281 2743 illustravit,
298 2693 421 2748 quorum
439 2675 609 2736 auctoritate
622 2677 666 2735 ita
679 2678 792 2753 singula
804 2679 954 2737 muniebat
966 2684 1000 2736 11
1013 2697 1162 2754 nunquam

111 2750 242 2810 futurum
268 2753 357 2810 fuisse
384 2759 533 2829 appareret
552 2759 595 2826 ut,
617 2756 675 2814 nisi
701 2757 819 2828 invitus,
843 2758 879 2814 ad
899 2757 1076 2832 conjecturas
1096 2777 1161 2816 oon·

111 2829 232 2904 fugeret.
275 2831 346 2896 Quae
368 2831 426 2890 viri
448 2834 551 2892 merita
573 2833 605 2891 in
624 2835 679 2892 hoc
699 2835 761 2894 loco
784 2836 882 2910 paullo
903 2837 996 2894 fusius
1017 2836 1158 2909 dicentur,

113 2909 189 2984 quod
207 2912 325 2968 acerbus
345 2911 407 2987 ejus
425 2911 579 2986 castigator
595 2914 710 2972 laudem
731 2935 815 2992 quam
836 2935 940 2990 negare
955 2915 1040 2991 plane
1058 2917 1161 2992 nequi·

110 2992 155 3046 ret
168 2990 403 3047 communicando
417 2989 506 3048 vilem
520 2992 613 3050 111111
629 2996 748 3052 1111111
762 2998 815 3053 est.
858 2994 976 3053 Scilicet
989 2995 1066 3068 leges
1079 3015 1161 3070 agra·

110 3066 167 3124 rias
181 3066 216 3124 de
229 3087 298 3142 agro
317 3067 393 3126 bello
414 3069 575 3146 conquisito
595 3072 668 3130 latas
689 3073 776 3131 etiam
795 3072 909 3148 antiqui
927 3073 1113 3148 tradiderant,
1127 3079 1161 3134 ut

110 3145 229 3204 minime
249 3152 324 3205 esset
346 3147 462 3208 difficile
486 3149 547 3207 sive
568 3151 684 3208 Hoolrio
706 3153 829 3211 nostrati
853 3153 914 3210 1111
935 3152 986 3210 alii
1006 3151 1099 3210 cuivis
1122 3173 1161 3212 ex

109 3229 190 3300 parte
214 3225 365 3302 aliquanta
387 3247 454 3286 vera
477 3229 649 3304 conspicere,
674 3250 764 3306 quum
787 3233 875 3290 verba
897 3237 1030 3290 veterum
1054 3234 1160 3292 referre

110 3303 179 3360 satis
193 3309 276 3363 esset.
315 3304 410 3370 Quare
423 3306 501 3364 haud
514 3306 624 3366 infitias
636 3309 764 3368 eundum
777 3329 841 3368 reor
853 3311 926 3386 quin
939 3310 1000 3386 ipse
1014 3310 1159 3386 Heynius‚

109 3381 157 3439 cui
170 3386 264 3456 grates
275 3390 342 3460 agat
351 3383 380 3441 N
381 3383 530 3444 iebuhrius
539 3406 591 3463 pro
601 3407 680 3446 more
690 3408 742 3446 suo
751 3390 873 3464 prolixe,
884 3389 1037 3465 caeterique
1049 3389 1161 3452 Cassios

108 3459 237 3519 Licinias
251 3462 394 3521 Gracchos
414 3483 474 3522 non
492 3464 523 3521 id
538 3466 631 3540 egisse
649 3467 778 3526 viderint
797 3471 832 3527 nt
844 3469 960 3544 privata
969 3469 1037 3545 jure
1051 3477 1162 3528 everte-

107 3545 181 3613 rent,
199 3540 275 3599 illud
295 3561 333 3600 ex
352 3543 495 3602 1111111111
515 3545 641 3602 voluisse
661 3549 696 3604 ut
713 3546 830 3621 publica
847 3547 1029 3606 vindicarent
1039 3569 1047 3620 ;
1068 3567 1163 3627 neque

107 3618 202 3759 miqus
222 3624 320 3680 tamen
333 3621 467 3714 Hoolrius
485 3623 565 3682 omni
581 3643 716 3700 agrorum
732 3624 831 3700 generi
846 3625 1024 3702 praefinitum
1039 3631 1162 3704 putabat

107 3718 151 3758 mo
175 3719 235 3758 um.
