2594 4108
671 121 713 176 '28

169 279 277 360 partim
297 277 512 354 Tyrrhenorum
531 274 646 332 nomine
666 277 781 349 accepto
801 275 832 332 et
851 272 882 331 in
896 273 1004 333 Lemno
1018 279 1048 335 et
1068 275 1143 335 alias
1166 297 1235 354 prce

170 365 275 420 donum
292 376 369 416 more
388 357 506 430 degisse.
549 353 712 430 Tyrrhenos
732 355 826 410 autem
847 357 922 411 teste
939 354 1065 413 Hesiodo
1085 355 1117 413 in
1133 357 1234 415 Italia

171 441 258 499 luisse
279 439 331 496 sub
352 435 456 493 Latino
476 453 550 509 rege,
574 435 650 507 quod
670 432 766 506 ipsum
786 430 818 488 in
833 431 968 490 Varronis
988 436 1128 494 rationem
1155 457 1234 494 non·

170 520 243 577 nihil
265 519 358 576 facere
370 514 513 574 videatur.
555 512 624 588 Cyri
637 530 705 568 vero
724 512 901 585 temporibus
920 532 968 570 eos
989 513 1065 588 ipsos
1079 516 1229 590 Agyllam

169 601 296 658 tenuisse
308 595 385 652 unde
398 593 526 668 Delphos
539 591 673 649 scitatum
690 589 828 660 miserint,
845 589 920 665 quod
934 592 1047 650 Etrusci
1061 594 1231 654 domestica
1277 639 1278 642 η

171 678 240 736 freti
266 673 419 748 disciplina
443 671 550 730 facturi
575 688 634 726 non
657 669 788 736 fuissent,
810 687 904 745 neque
930 671 979 728 alii
1001 673 1123 743 barbari,
1153 677 1229 750 quia

174 756 286 817 Graecis
298 752 425 810 moribus
438 769 553 826 prorsus
570 753 666 806 essent
682 746 778 816 alieni,
793 747 850 804 huc
863 749 996 808 accedere
1016 756 1153 825 cognatas
1168 754 1229 810 lin-

143 843 153 864 ·
171 856 241 911 guas
255 851 366 892 necnon
384 831 530 888 illatarum
551 830 586 886 ab
602 827 742 886 Corintho
755 826 881 886 Etruriae
901 828 1008 886 artium
1021 829 1226 902 traditionem,

171 915 247 972 unde
275 912 413 971 audenter
438 908 529 985 possis
552 907 683 981 colligere
706 905 868 982 Tyrrhenos
887 906 975 966 fuisse
998 909 1139 982 Pelasgos,
1175 913 1229 988 qui

170 999 236 1070 post
259 992 425 1063 occupatam
449 989 508 1044 lere
529 1006 641 1044 omnem
660 984 777 1042 Italiam
801 985 837 1042 ab
856 986 1021 1045 Ausonibus
1044 996 1074 1045 et
1095 988 1227 1048 Sabellis

171 1075 258 1130 etiam
275 1068 369 1129 Gallis
382 1070 413 1124 et
426 1067 554 1124 Etruscis
569 1064 680 1122 subacti
697 1066 800 1135 essent,
814 1063 898 1121 modo
914 1063 946 1121 in
958 1067 1083 1136 Bruttio,
1098 1066 1226 1142 Apulia,

171 1151 256 1210 Latio
270 1169 320 1207 sna
334 1145 541 1223 quodammodo
555 1143 719 1202 obtinuisse.
756 1143 866 1202 Caetera
880 1149 1017 1218 pretereo
1031 1163 1095 1221 quae
1110 1147 1146 1203 de
1163 1149 1225 1206 Rc

172 1249 268 1288 venna
288 1228 456 1285 Rhaetcrum
478 1223 606 1298 cognatis
623 1221 772 1280 verissima
790 1225 820 1280 et
842 1239 927 1296 paene
947 1223 1079 1281 omuibus
1102 1237 1226 1300 accepta

172 1307 347 1376 disseruerit,
359 1323 478 1380 quorum
489 1301 725 1361 communicanda
738 1305 813 1359 esset
826 1320 891 1359 cum
901 1303 932 1361 0.
941 1303 1083 1360 Muellero
1096 1303 1173 1374 laus,
1188 1308 1224 1363 de

172 1387 338 1445 Ausonibus
348 1387 378 1441 et
390 1381 482 1453 Oscis,
493 1385 552 1438 sire
564 1379 671 1456 Opicos
681 1379 824 1454 appellare
833 1379 915 1448 libet,
925 1381 1029 1439 molem
1039 1382 1224 1460 conjectandi

171 1467 266 1530 mitto,
283 1465 358 1522 circa
370 1481 441 1538 quos
454 1461 546 1519 fateor
558 1459 631 1517 mihi
649 1458 828 1516 Niebuhrius
846 1460 991 1534 operosior
1003 1461 1119 1519 videtur
1133 1484 1224 1539 quam

170 1543 373 1622 perspicacior;
396 1541 490 1598 adhuc
503 1539 581 1596 enim
593 1539 712 1596 unicum
725 1545 924 1611 argumentum
942 1539 1040 1598 deerat
1052 1560 1109 1616 quo
1124 1543 1150 1598 si
1164 1563 1224 1600 non

172 1623 251 1682 finiri
272 1619 464 1680 controversia
483 1621 603 1677 atcerte
624 1616 685 1691 regi
703 1619 807 1692 posset.
849 1617 935 1675 Nune
954 1621 1021 1692 post
1041 1625 1223 1695 perspectam

172 1703 338 1780 linguamm
359 1698 558 1773 cognationem
578 1697 655 1754 iuter
677 1695 767 1754 Oscos
787 1714 819 1752 ac
841 1696 969 1754 Sabellos
989 1697 1108 1772 placuit,
1122 1700 1224 1758 doctos

173 1799 353 1840 communem
368 1777 531 1836 Italicorum
549 1775 667 1851 stirpem
682 1793 827 1849 usurpare.
867 1776 990 1851 Jamque
1004 1777 1122 1834 concedi
1137 1780 1225 1836 debet

172 1862 289 1918 oration
294 1879 329 1916 ¹m
342 1856 509 1914 concludere
522 1853 674 1914 festinanti
686 1853 765 1910 haud
779 1872 922 1930 quaquam
932 1857 1013 1912 tanto
1027 1855 1090 1913 viro
1104 1856 1224 1930 dignam

171 1939 245 1997 vitia
259 1937 283 2014 ej
289 1957 320 1994 us
334 1936 404 1995 satis
417 1935 552 1992 audacter
565 1937 649 1991 antea
662 1933 835 2006 reprehensa
848 1933 962 1990 omnino
976 1933 1068 2004 silere,
1086 1937 1223 2012 quodque

174 2019 265 2076 multo
279 2015 397 2090 gratius,
407 2014 513 2071 referre
526 2012 637 2082 merita,
651 2013 700 2088 qui
713 2011 786 2069 falsa
798 2010 840 2068 ita
853 2012 1030 2070 submoverit
1039 2016 1073 2070 ut
1083 2031 1153 2072 vera
1167 2034 1225 2072 non

173 2097 344 2172 desperaret,
367 2094 419 2170 qui
440 2091 588 2168 splendida
607 2093 717 2164 primus
738 2088 885 2148 mendacia
904 2091 1110 2161 deturbaverit,
1131 2094 1224 2152 solida

172 2175 243 2233 licet
256 2175 351 2231 minus
368 2176 462 2230 essent
482 2171 558 2229 clara
578 2169 730 2227 autetiam
751 2170 870 2227 obscura
888 2169 1056 2236 restituerit,
1071 2171 1151 2228 utin
1166 2173 1224 2229 his-

173 2254 248 2313 toria
267 2253 396 2310 Romana
416 2271 504 2327 quum
522 2257 607 2306 antea
625 2251 805 2324 stuperemus
824 2249 939 2306 umbras
952 2268 1123 2306 veneremur
1135 2253 1222 2318 viros,

173 2331 306 2409 idemque
316 2331 412 2388 Italiae
421 2329 526 2387 veteris
536 2327 711 2385 lineamenta
721 2326 891 2400 exaraverit,
900 2327 1047 2404 antiquam
1056 2329 1223 2404 reipublice)

172 2411 347 2487 expresserit
360 2410 479 2466 formam
494 2427 586 2464 mores
600 2405 772 2477 discrimina,
786 2407 909 2483 origines
923 2414 986 2464 tum
1000 2407 1140 2465 Italarum
1160 2413 1224 2466 tum

173 2491 367 2548 Romanarum
382 2507 477 2546 rerum
490 2489 531 2544 ita
549 2485 738 2561 exquisiverit
751 2487 785 2542 ut
803 2485 963 2560 superiores
983 2503 1082 2544 omnes
1094 2486 1224 2545 vinceret

171 2588 266 2646 neque
287 2569 322 2625 ab
338 2568 399 2626 ullo
419 2565 612 2624 recentiorum
626 2565 799 2634 vinceretur,
816 2564 950 2640 quodque
970 2564 1002 2621 in
1022 2565 1131 2640 optimo
1152 2587 1222 2642 quo·

174 2668 230 2725 que
249 2667 361 2704 summa
380 2647 444 2703 laus
464 2645 495 2700 in
514 2643 638 2718 pessimo
658 2642 763 2700 ultima
776 2643 952 2717 vituperatio
972 2647 1024 2715 est,
1039 2644 1159 2702 meliora
1178 2645 1222 2702 in-

172 2727 300 2787 tenderit
320 2744 406 2802 quam
427 2724 554 2799 perfecit,
578 2721 690 2781 caeteris
709 2721 880 2779 mortalibus
902 2723 1048 2798 patefacta
1066 2722 1116 2780 via
1136 2743 1222 2798 quam

173 2805 295 2880 ingressi
318 2805 414 2880 ipsum
437 2801 589 2870 anteirent,
615 2801 657 2858 ita
679 2804 777 2858 tamen
798 2819 832 2858 ea
855 2801 945 2858 ardua
965 2806 999 2859 ut
1021 2821 1105 2858 nemo
1131 2804 1222 2860 adhuc

70 2896 75 2912 ¹
173 2883 335 2952 anteivcrit,
361 2882 485 2957 denique
507 2882 548 2938 ita
569 2899 629 2938 rem
655 2879 775 2953 gesserit
795 2889 830 2937 ut
856 2879 881 2937 si
905 2879 970 2958 quis
994 2879 1143 2938 historiam
1165 2883 1222 2938 Rc·

172 2983 287 3021 manam
309 2962 396 3019 talem
417 2959 562 3035 scripserit
582 2959 697 3036 qualem
720 2976 779 3014 non
800 2958 950 3035 reliquerit
963 2959 1152 3017 'Niebuhrius
1174 2960 1223 3018 sed

171 3042 332 3101 instituerit
345 3059 379 3098 ea
392 3041 508 3098 demum
523 3039 654 3096 omnibus
666 3036 794 3095 numeris
807 3038 939 3098 absoluta
954 3037 1086 3097 evaserit.

992 3145 1051 3174 fx.

1113 3228 1258 3313 Ns,

676 3619 706 3723 li

440 3757 535 3788 010111:
550 3727 701 3814 'lxfflm
714 3757 733 3788 Ι.
742 3758 766 3787 H.
776 3758 804 3788 ιτ
817 3757 836 3789 ἶ.
847 3757 948 3790 Paula.
