<?xml version="1.0" encoding="UTF-8"?>
<!DOCTYPE html PUBLIC "-//W3C//DTD XHTML 1.0 Transitional//EN"
    "http://www.w3.org/TR/xhtml1/DTD/xhtml1-transitional.dtd">
<html xmlns="http://www.w3.org/1999/xhtml" xml:lang="en" lang="en">
 <head>
  <title>
</title>
<meta http-equiv="Content-Type" content="text/html;charset=utf-8" />
  <meta name='ocr-system' content='tesseract 3.04.00' />
  <meta name='ocr-capabilities' content='ocr_page ocr_carea ocr_par ocr_line ocrx_word'/>
</head>
<body>
  <div class='ocr_page' id='page_1' title='image "./deniebuhriimeri00simcgoog_0014.png"; bbox 0 0 2594 4108; ppageno 0'>
   <div class='ocr_carea' id='block_1_1' title="bbox 121 240 1174 570">
    <p class='ocr_par' dir='ltr' id='par_1_1' title="bbox 121 240 1174 557">
     <span class='ocr_line' id='line_1_1' title="bbox 122 240 1174 320; baseline 0.002 -18"><span class='ocrx_word' id='word_1_1' title='bbox 122 241 211 302; x_wconf 86' lang='lat' dir='ltr'><strong>Plebe</strong></span> <span class='ocrx_word' id='word_1_2' title='bbox 229 245 295 320; x_wconf 87' lang='lat' dir='ltr'><strong>post</strong></span> <span class='ocrx_word' id='word_1_3' title='bbox 312 241 485 302; x_wconf 85' lang='lat' dir='ltr'><strong>secessiones</strong></span> <span class='ocrx_word' id='word_1_4' title='bbox 501 240 675 320; x_wconf 78' lang='lat' dir='ltr'>pepigerint,</span> <span class='ocrx_word' id='word_1_5' title='bbox 688 241 767 316; x_wconf 77' lang='lat' dir='ltr'><strong>leges</strong></span> <span class='ocrx_word' id='word_1_6' title='bbox 785 242 910 300; x_wconf 82' lang='lat' dir='ltr'><strong>sacratas</strong></span> <span class='ocrx_word' id='word_1_7' title='bbox 928 243 958 300; x_wconf 88' lang='lat' dir='ltr'><strong>et</strong></span> <span class='ocrx_word' id='word_1_8' title='bbox 971 259 1069 302; x_wconf 88' lang='lat' dir='ltr'><strong>omnes</strong></span> <span class='ocrx_word' id='word_1_9' title='bbox 1083 243 1174 307; x_wconf 79' lang='lat' dir='ltr'><strong>ferme</strong></span> 
     </span>
     <span class='ocr_line' id='line_1_2' title="bbox 121 321 1172 398; baseline 0.004 -18"><span class='ocrx_word' id='word_1_10' title='bbox 121 329 248 391; x_wconf 86' lang='lat' dir='ltr'><strong>oaeteras,</strong></span> <span class='ocrx_word' id='word_1_11' title='bbox 261 322 412 382; x_wconf 83' lang='lat' dir='ltr'><strong>duodecim</strong></span> <span class='ocrx_word' id='word_1_12' title='bbox 429 321 588 398; x_wconf 74' lang='lat' dir='ltr'><strong>presertim</strong></span> <span class='ocrx_word' id='word_1_13' title='bbox 602 322 775 392; x_wconf 84' lang='lat' dir='ltr'><strong>tabularum,</strong></span> <span class='ocrx_word' id='word_1_14' title='bbox 788 339 860 396; x_wconf 85' lang='lat' dir='ltr'><strong>quas</strong></span> <span class='ocrx_word' id='word_1_15' title='bbox 870 339 970 378; x_wconf 89' lang='lat' dir='ltr'><strong>omnes</strong></span> <span class='ocrx_word' id='word_1_16' title='bbox 980 321 1070 380; x_wconf 86' lang='lat' dir='ltr'><strong>Fabio</strong></span> <span class='ocrx_word' id='word_1_17' title='bbox 1085 324 1172 384; x_wconf 86' lang='lat' dir='ltr'><strong>Grac-</strong></span> 
     </span>
     <span class='ocr_line' id='line_1_3' title="bbox 122 365 1173 464; baseline 0.004 -4"><span class='ocrx_word' id='word_1_18' title='bbox 122 402 214 460; x_wconf 85' lang='lat' dir='ltr'><strong>chano</strong></span> <span class='ocrx_word' id='word_1_19' title='bbox 228 367 321 460; x_wconf 72' lang='lat' dir='ltr'><strong>(iaio&#39;</strong></span> <span class='ocrx_word' id='word_1_20' title='bbox 312 421 345 460; x_wconf 95' lang='grc' dir='ltr'><strong>ιιι</strong></span> <span class='ocrx_word' id='word_1_21' title='bbox 358 403 491 461; x_wconf 87' lang='lat' dir='ltr'><strong>manibus</strong></span> <span class='ocrx_word' id='word_1_22' title='bbox 504 408 534 460; x_wconf 92' lang='grc' dir='ltr'><strong>θι</strong></span> <span class='ocrx_word' id='word_1_23' title='bbox 547 405 615 458; x_wconf 87' lang='lat' dir='ltr'><strong>ante</strong></span> <span class='ocrx_word' id='word_1_24' title='bbox 628 400 725 458; x_wconf 89' lang='lat' dir='ltr'><strong>oculos</strong></span> <span class='ocrx_word' id='word_1_25' title='bbox 737 365 837 458; x_wconf 81' lang='lat' dir='ltr'><strong>fuisse</strong></span> <span class='ocrx_word' id='word_1_26' title='bbox 865 398 952 457; x_wconf 91' lang='lat' dir='ltr'><strong>Ponit</strong></span> <span class='ocrx_word' id='word_1_27' title='bbox 964 400 1035 458; x_wconf 91' lang='lat' dir='ltr'><strong>adeo</strong></span> <span class='ocrx_word' id='word_1_28' title='bbox 1049 401 1173 464; x_wconf 83' lang='lat' dir='ltr'><strong>Fabium</strong></span> 
     </span>
     <span class='ocr_line' id='line_1_4' title="bbox 121 477 1171 570; baseline 0.004 -32"><span class='ocrx_word' id='word_1_29' title='bbox 121 484 210 556; x_wconf 84' lang='lat' dir='ltr'><strong>atquc</strong></span> <span class='ocrx_word' id='word_1_30' title='bbox 230 480 294 556; x_wconf 82' lang='lat' dir='ltr'><strong>ejus</strong></span> <span class='ocrx_word' id='word_1_31' title='bbox 314 481 446 564; x_wconf 72' lang='lat' dir='ltr'><strong>equales,</strong></span> <span class='ocrx_word' id='word_1_32' title='bbox 467 500 559 557; x_wconf 89' lang='lat' dir='ltr'><strong>quum</strong></span> <span class='ocrx_word' id='word_1_33' title='bbox 578 483 706 538; x_wconf 85' lang='lat' dir='ltr'><strong>veterem</strong></span> <span class='ocrx_word' id='word_1_34' title='bbox 726 477 904 570; x_wconf 73' lang='lat' dir='ltr'><strong>reipublicae</strong></span> <span class='ocrx_word' id='word_1_35' title='bbox 911 478 1032 537; x_wconf 82' lang='lat' dir='ltr'><strong>formam</strong></span> <span class='ocrx_word' id='word_1_36' title='bbox 1055 485 1106 556; x_wconf 89' lang='lat' dir='ltr'><strong>pat</strong></span> <span class='ocrx_word' id='word_1_37' title='bbox 1108 502 1171 543; x_wconf 86' lang='lat' dir='ltr'><strong>rum</strong></span> 
     </span>
    </p>
   </div>
   <div class='ocr_carea' id='block_1_2' title="bbox 102 549 1171 2608">
    <p class='ocr_par' dir='ltr' id='par_1_2' title="bbox 106 549 1171 2197">
     <span class='ocr_line' id='line_1_5' title="bbox 121 549 1171 649; baseline 0.005 -33"><span class='ocrx_word' id='word_1_38' title='bbox 121 559 224 636; x_wconf 90' lang='lat' dir='ltr'><strong>plebis,</strong></span> <span class='ocrx_word' id='word_1_39' title='bbox 247 568 364 618; x_wconf 88' lang='lat' dir='ltr'><strong>senatus</strong></span> <span class='ocrx_word' id='word_1_40' title='bbox 384 549 575 631; x_wconf 74' lang='lat' dir='ltr'><strong>comitiorum,</strong></span> <span class='ocrx_word' id='word_1_41' title='bbox 601 557 772 630; x_wconf 82' lang='lat' dir='ltr'><strong>Latinorum</strong></span> <span class='ocrx_word' id='word_1_42' title='bbox 798 555 987 632; x_wconf 83' lang='lat' dir='ltr'><strong>municipum,</strong></span> <span class='ocrx_word' id='word_1_43' title='bbox 1005 557 1074 649; x_wconf 84' lang='lat' dir='ltr'><strong>J&#39;ura</strong></span> <span class='ocrx_word' id='word_1_44' title='bbox 1101 564 1171 622; x_wconf 89' lang='lat' dir='ltr'><strong>satis</strong></span> 
     </span>
     <span class='ocr_line' id='line_1_6' title="bbox 119 635 1171 716; baseline 0.004 -20"><span class='ocrx_word' id='word_1_45' title='bbox 119 657 159 696; x_wconf 86' lang='lat' dir='ltr'><strong>ex</strong></span> <span class='ocrx_word' id='word_1_46' title='bbox 179 638 355 696; x_wconf 85' lang='lat' dir='ltr'><strong>Pontificum</strong></span> <span class='ocrx_word' id='word_1_47' title='bbox 375 638 602 710; x_wconf 78' lang='lat' dir='ltr'><strong>Commentariis,</strong></span> <span class='ocrx_word' id='word_1_48' title='bbox 624 638 671 709; x_wconf 84' lang='lat' dir='ltr'><strong>leg</strong></span> <span class='ocrx_word' id='word_1_49' title='bbox 672 637 746 704; x_wconf 86' lang='lat' dir='ltr'><strong>ibus,</strong></span> <span class='ocrx_word' id='word_1_50' title='bbox 768 635 879 710; x_wconf 80' lang='lat' dir='ltr'><strong>publici</strong></span> <span class='ocrx_word' id='word_1_51' title='bbox 904 636 1069 713; x_wconf 84' lang='lat' dir='ltr'><strong>privatique</strong></span> <span class='ocrx_word' id='word_1_52' title='bbox 1093 639 1171 716; x_wconf 84' lang='lat' dir='ltr'><strong>J&#39;uris</strong></span> 
     </span>
     <span class='ocr_line' id='line_1_7' title="bbox 119 715 1168 808; baseline 0.004 -34"><span class='ocrx_word' id='word_1_53' title='bbox 119 716 203 774; x_wconf 89' lang='lat' dir='ltr'><strong>libris</strong></span> <span class='ocrx_word' id='word_1_54' title='bbox 227 717 391 793; x_wconf 76' lang='lat' dir='ltr'><strong>praclare&#39;</strong></span> <span class='ocrx_word' id='word_1_55' title='bbox 382 737 413 774; x_wconf 88' lang='grc' dir='ltr'><strong>ιιι</strong></span> <span class='ocrx_word' id='word_1_56' title='bbox 415 719 589 808; x_wconf 84' lang='lat' dir='ltr'><strong>telligerent,</strong></span> <span class='ocrx_word' id='word_1_57' title='bbox 568 716 709 776; x_wconf 82' lang='lat' dir='ltr'><strong>tradem</strong></span> <span class='ocrx_word' id='word_1_58' title='bbox 729 715 855 789; x_wconf 77' lang='lat' dir='ltr'><strong>indigeat</strong></span> <span class='ocrx_word' id='word_1_59' title='bbox 856 733 958 790; x_wconf 87' lang='lat' dir='ltr'><strong>amque</strong></span> <span class='ocrx_word' id='word_1_60' title='bbox 981 717 1068 774; x_wconf 91' lang='lat' dir='ltr'><strong>simul</strong></span> <span class='ocrx_word' id='word_1_61' title='bbox 1088 738 1168 780; x_wconf 90' lang='lat' dir='ltr'><strong>acce·</strong></span> 
     </span>
     <span class='ocr_line' id='line_1_8' title="bbox 118 793 1168 872; baseline 0.005 -20"><span class='ocrx_word' id='word_1_62' title='bbox 118 795 197 870; x_wconf 91' lang='lat' dir='ltr'><strong>pisse</strong></span> <span class='ocrx_word' id='word_1_63' title='bbox 210 796 315 854; x_wconf 87' lang='lat' dir='ltr'><strong>molem</strong></span> <span class='ocrx_word' id='word_1_64' title='bbox 327 797 475 856; x_wconf 90' lang='lat' dir='ltr'><strong>annalium</strong></span> <span class='ocrx_word' id='word_1_65' title='bbox 488 797 595 872; x_wconf 90' lang='lat' dir='ltr'><strong>partim</strong></span> <span class='ocrx_word' id='word_1_66' title='bbox 605 795 779 852; x_wconf 73' lang='lat' dir='ltr'><strong>sinemurum</strong></span> <span class='ocrx_word' id='word_1_67' title='bbox 792 793 899 870; x_wconf 86' lang='lat' dir='ltr'><strong>partim</strong></span> <span class='ocrx_word' id='word_1_68' title='bbox 913 797 955 852; x_wconf 89' lang='grc' dir='ltr'><strong>ιιι</strong></span> <span class='ocrx_word' id='word_1_69' title='bbox 968 801 1168 872; x_wconf 88' lang='lat' dir='ltr'><strong>corruptorum</strong></span> 
     </span>
     <span class='ocr_line' id='line_1_9' title="bbox 118 872 1167 962; baseline 0.005 -31"><span class='ocrx_word' id='word_1_70' title='bbox 118 878 154 932; x_wconf 91' lang='grc' dir='ltr'><strong>ιιι</strong></span> <span class='ocrx_word' id='word_1_71' title='bbox 175 893 213 932; x_wconf 88' lang='lat' dir='ltr'><strong>ne</strong></span> <span class='ocrx_word' id='word_1_72' title='bbox 234 875 488 949; x_wconf 72' lang='lat' dir='ltr'><strong>incorruptissimis</strong></span> <span class='ocrx_word' id='word_1_73' title='bbox 509 875 639 962; x_wconf 89' lang='lat' dir='ltr'><strong>quidem</strong></span> <span class='ocrx_word' id='word_1_74' title='bbox 651 873 781 931; x_wconf 83' lang='lat' dir='ltr'><strong>deessent</strong></span> <span class='ocrx_word' id='word_1_75' title='bbox 805 892 869 948; x_wconf 82' lang='lat' dir='ltr'><strong>quae</strong></span> <span class='ocrx_word' id='word_1_76' title='bbox 892 872 950 930; x_wconf 90' lang='lat' dir='ltr'><strong>nisi</strong></span> <span class='ocrx_word' id='word_1_77' title='bbox 973 894 1041 932; x_wconf 86' lang='lat' dir='ltr'><strong>vera</strong></span> <span class='ocrx_word' id='word_1_78' title='bbox 1063 887 1167 952; x_wconf 84' lang='lat' dir='ltr'><strong>essent,</strong></span> 
     </span>
     <span class='ocr_line' id='line_1_10' title="bbox 117 926 1168 1026; baseline 0.008 -17"><span class='ocrx_word' id='word_1_79' title='bbox 117 954 257 1012; x_wconf 84' lang='lat' dir='ltr'><strong>tradenda</strong></span> <span class='ocrx_word' id='word_1_80' title='bbox 275 972 333 1011; x_wconf 90' lang='lat' dir='ltr'><strong>nou</strong></span> <span class='ocrx_word' id='word_1_81' title='bbox 346 955 478 1021; x_wconf 76' lang='lat' dir='ltr'><strong>inissent,</strong></span> <span class='ocrx_word' id='word_1_82' title='bbox 492 953 619 1012; x_wconf 90' lang='lat' dir='ltr'><strong>obscurit</strong></span> <span class='ocrx_word' id='word_1_83' title='bbox 620 948 650 1010; x_wconf 80' lang='grc' dir='ltr'><strong>ιιι</strong></span> <span class='ocrx_word' id='word_1_84' title='bbox 664 971 775 1026; x_wconf 89' lang='lat' dir='ltr'><strong>semper</strong></span> <span class='ocrx_word' id='word_1_85' title='bbox 788 951 886 1026; x_wconf 87' lang='lat' dir='ltr'><strong>aliqua</strong></span> <span class='ocrx_word' id='word_1_86' title='bbox 898 951 986 1010; x_wconf 84' lang='lat' dir='ltr'><strong>etiam</strong></span> <span class='ocrx_word' id='word_1_87' title='bbox 1000 926 1168 1017; x_wconf 78' lang='lat' dir='ltr'><strong>certissimis</strong></span> 
     </span>
     <span class='ocr_line' id='line_1_11' title="bbox 117 1030 1165 1108; baseline 0.005 -20"><span class='ocrx_word' id='word_1_88' title='bbox 117 1030 267 1102; x_wconf 79' lang='lat' dir='ltr'><strong>inhaereat,</strong></span> <span class='ocrx_word' id='word_1_89' title='bbox 290 1034 434 1108; x_wconf 83' lang='lat' dir='ltr'><strong>praecipue</strong></span> <span class='ocrx_word' id='word_1_90' title='bbox 452 1035 530 1092; x_wconf 85' lang='lat' dir='ltr'><strong>circa</strong></span> <span class='ocrx_word' id='word_1_91' title='bbox 552 1033 693 1090; x_wconf 89' lang='lat' dir='ltr'><strong>rationem</strong></span> <span class='ocrx_word' id='word_1_92' title='bbox 714 1034 876 1105; x_wconf 84' lang='lat' dir='ltr'><strong>temporum</strong></span> <span class='ocrx_word' id='word_1_93' title='bbox 896 1030 1077 1108; x_wconf 77' lang='lat' dir='ltr'><strong>interpolatis</strong></span> <span class='ocrx_word' id='word_1_94' title='bbox 1099 1053 1165 1094; x_wconf 93' lang='lat' dir='ltr'><strong>con-</strong></span> 
     </span>
     <span class='ocr_line' id='line_1_12' title="bbox 117 1111 1166 1188; baseline 0.008 -22"><span class='ocrx_word' id='word_1_95' title='bbox 117 1111 230 1170; x_wconf 89' lang='lat' dir='ltr'><strong>sulibus</strong></span> <span class='ocrx_word' id='word_1_96' title='bbox 249 1111 479 1188; x_wconf 85' lang='lat' dir='ltr'><strong>interregnisque</strong></span> <span class='ocrx_word' id='word_1_97' title='bbox 499 1112 583 1170; x_wconf 87' lang='lat' dir='ltr'><strong>valde</strong></span> <span class='ocrx_word' id='word_1_98' title='bbox 605 1111 766 1180; x_wconf 81' lang='lat' dir='ltr'><strong>turbatem3</strong></span> <span class='ocrx_word' id='word_1_99' title='bbox 787 1128 878 1184; x_wconf 91' lang='lat' dir='ltr'><strong>quum</strong></span> <span class='ocrx_word' id='word_1_100' title='bbox 899 1111 1003 1168; x_wconf 79' lang='lat' dir='ltr'><strong>saecula</strong></span> <span class='ocrx_word' id='word_1_101' title='bbox 1023 1112 1166 1174; x_wconf 83' lang='lat' dir='ltr'><strong>tricante</strong></span> 
     </span>
     <span class='ocr_line' id='line_1_13' title="bbox 116 1188 1164 1265; baseline 0.005 -19"><span class='ocrx_word' id='word_1_102' title='bbox 116 1194 229 1265; x_wconf 86' lang='lat' dir='ltr'><strong>captam</strong></span> <span class='ocrx_word' id='word_1_103' title='bbox 242 1192 343 1249; x_wconf 90' lang='lat' dir='ltr'><strong>urbem</strong></span> <span class='ocrx_word' id='word_1_104' title='bbox 356 1193 538 1250; x_wconf 80' lang='lat' dir='ltr'><strong>restitutores</strong></span> <span class='ocrx_word' id='word_1_105' title='bbox 552 1191 682 1249; x_wconf 86' lang='lat' dir='ltr'><strong>alborum</strong></span> <span class='ocrx_word' id='word_1_106' title='bbox 696 1188 855 1259; x_wconf 83' lang='lat' dir='ltr'><strong>finxissent,</strong></span> <span class='ocrx_word' id='word_1_107' title='bbox 871 1208 909 1246; x_wconf 86' lang='lat' dir='ltr'><strong>ex</strong></span> <span class='ocrx_word' id='word_1_108' title='bbox 923 1189 1029 1265; x_wconf 93' lang='lat' dir='ltr'><strong>quibus</strong></span> <span class='ocrx_word' id='word_1_109' title='bbox 1045 1205 1164 1265; x_wconf 83' lang='lat' dir='ltr'><strong>regnata</strong></span> 
     </span>
     <span class='ocr_line' id='line_1_14' title="bbox 115 1267 1163 1341; baseline 0.005 -17"><span class='ocrx_word' id='word_1_110' title='bbox 115 1267 181 1338; x_wconf 90' lang='lat' dir='ltr'><strong>duo,</strong></span> <span class='ocrx_word' id='word_1_111' title='bbox 197 1269 317 1328; x_wconf 85' lang='lat' dir='ltr'><strong>tertium</strong></span> <span class='ocrx_word' id='word_1_112' title='bbox 331 1272 385 1328; x_wconf 92' lang='lat' dir='ltr'><strong>sub</strong></span> <span class='ocrx_word' id='word_1_113' title='bbox 398 1271 523 1329; x_wconf 90' lang='lat' dir='ltr'><strong>tribunis</strong></span> <span class='ocrx_word' id='word_1_114' title='bbox 534 1279 630 1328; x_wconf 87' lang='lat' dir='ltr'><strong>actum</strong></span> <span class='ocrx_word' id='word_1_115' title='bbox 643 1271 674 1326; x_wconf 89' lang='lat' dir='ltr'><strong>et</strong></span> <span class='ocrx_word' id='word_1_116' title='bbox 686 1267 851 1326; x_wconf 89' lang='lat' dir='ltr'><strong>oonsulibus</strong></span> <span class='ocrx_word' id='word_1_117' title='bbox 861 1269 1000 1341; x_wconf 88' lang='lat' dir='ltr'><strong>ferebant,</strong></span> <span class='ocrx_word' id='word_1_118' title='bbox 1011 1269 1086 1338; x_wconf 84' lang='lat' dir='ltr'><strong>illud</strong></span> <span class='ocrx_word' id='word_1_119' title='bbox 1096 1289 1163 1330; x_wconf 88' lang='lat' dir='ltr'><strong>vero</strong></span> 
     </span>
     <span class='ocr_line' id='line_1_15' title="bbox 113 1347 1163 1424; baseline 0.006 -20"><span class='ocrx_word' id='word_1_120' title='bbox 113 1347 192 1421; x_wconf 91' lang='lat' dir='ltr'><strong>quod</strong></span> <span class='ocrx_word' id='word_1_121' title='bbox 212 1367 277 1406; x_wconf 81' lang='lat' dir='ltr'><strong>cxx.</strong></span> <span class='ocrx_word' id='word_1_122' title='bbox 292 1369 381 1407; x_wconf 88' lang='lat' dir='ltr'><strong>annos</strong></span> <span class='ocrx_word' id='word_1_123' title='bbox 396 1368 461 1410; x_wconf 80' lang='lat' dir='ltr'><strong>irco.</strong></span> <span class='ocrx_word' id='word_1_124' title='bbox 476 1368 587 1406; x_wconf 88' lang='lat' dir='ltr'><strong>meuses</strong></span> <span class='ocrx_word' id='word_1_125' title='bbox 603 1347 845 1422; x_wconf 83' lang='lat' dir='ltr'><strong>amplecterentur</strong></span> <span class='ocrx_word' id='word_1_126' title='bbox 862 1347 978 1422; x_wconf 88' lang='lat' dir='ltr'><strong>singula</strong></span> <span class='ocrx_word' id='word_1_127' title='bbox 995 1368 1083 1424; x_wconf 89' lang='lat' dir='ltr'><strong>prave</strong></span> <span class='ocrx_word' id='word_1_128' title='bbox 1102 1369 1163 1410; x_wconf 87' lang='lat' dir='ltr'><strong>esse</strong></span> 
     </span>
     <span class='ocr_line' id='line_1_16' title="bbox 112 1424 1162 1498; baseline 0.006 -17"><span class='ocrx_word' id='word_1_129' title='bbox 112 1424 310 1498; x_wconf 67' lang='lat' dir='ltr'><strong>intellectum</strong></span> <span class='ocrx_word' id='word_1_130' title='bbox 333 1429 403 1486; x_wconf 89' lang='lat' dir='ltr'><strong>satis</strong></span> <span class='ocrx_word' id='word_1_131' title='bbox 416 1428 492 1486; x_wconf 90' lang='lat' dir='ltr'><strong>enim</strong></span> <span class='ocrx_word' id='word_1_132' title='bbox 506 1432 637 1487; x_wconf 86' lang='lat' dir='ltr'><strong>veterum</strong></span> <span class='ocrx_word' id='word_1_133' title='bbox 650 1445 738 1484; x_wconf 89' lang='lat' dir='ltr'><strong>annos</strong></span> <span class='ocrx_word' id='word_1_134' title='bbox 751 1425 986 1484; x_wconf 87' lang='lat' dir='ltr'><strong>denos&#39;habuisse</strong></span> <span class='ocrx_word' id='word_1_135' title='bbox 999 1446 1110 1486; x_wconf 89' lang='lat' dir='ltr'><strong>menses</strong></span> <span class='ocrx_word' id='word_1_136' title='bbox 1124 1450 1162 1488; x_wconf 85' lang='lat' dir='ltr'><strong>ex</strong></span> 
     </span>
     <span class='ocr_line' id='line_1_17' title="bbox 112 1503 1161 1580; baseline 0.003 -17"><span class='ocrx_word' id='word_1_137' title='bbox 112 1503 300 1564; x_wconf 85' lang='lat' dir='ltr'><strong>Etruscorum</strong></span> <span class='ocrx_word' id='word_1_138' title='bbox 323 1507 449 1565; x_wconf 88' lang='lat' dir='ltr'><strong>induciis</strong></span> <span class='ocrx_word' id='word_1_139' title='bbox 472 1511 502 1565; x_wconf 88' lang='lat' dir='ltr'><strong>et</strong></span> <span class='ocrx_word' id='word_1_140' title='bbox 525 1524 655 1564; x_wconf 83' lang='lat' dir='ltr'><strong>xxxrm.</strong></span> <span class='ocrx_word' id='word_1_141' title='bbox 680 1504 798 1562; x_wconf 84' lang='lat' dir='ltr'><strong>Romuli</strong></span> <span class='ocrx_word' id='word_1_142' title='bbox 821 1504 959 1563; x_wconf 88' lang='lat' dir='ltr'><strong>nundinis</strong></span> <span class='ocrx_word' id='word_1_143' title='bbox 982 1510 1088 1580; x_wconf 89' lang='lat' dir='ltr'><strong>patere,</strong></span> <span class='ocrx_word' id='word_1_144' title='bbox 1112 1528 1161 1566; x_wconf 86' lang='lat' dir='ltr'><strong>ecs</strong></span> 
     </span>
     <span class='ocr_line' id='line_1_18' title="bbox 111 1585 1159 1660; baseline 0.006 -22"><span class='ocrx_word' id='word_1_145' title='bbox 111 1591 209 1644; x_wconf 90' lang='lat' dir='ltr'><strong>autem</strong></span> <span class='ocrx_word' id='word_1_146' title='bbox 229 1587 280 1660; x_wconf 92' lang='lat' dir='ltr'><strong>qui</strong></span> <span class='ocrx_word' id='word_1_147' title='bbox 301 1586 418 1644; x_wconf 86' lang='lat' dir='ltr'><strong>annales</strong></span> <span class='ocrx_word' id='word_1_148' title='bbox 439 1587 604 1654; x_wconf 88' lang='lat' dir='ltr'><strong>scriberent,</strong></span> <span class='ocrx_word' id='word_1_149' title='bbox 620 1589 671 1642; x_wconf 89' lang='lat' dir='ltr'><strong>aut</strong></span> <span class='ocrx_word' id='word_1_150' title='bbox 690 1585 793 1641; x_wconf 87' lang='lat' dir='ltr'><strong>saltem</strong></span> <span class='ocrx_word' id='word_1_151' title='bbox 808 1585 979 1659; x_wconf 85' lang='lat' dir='ltr'><strong>posteriores</strong></span> <span class='ocrx_word' id='word_1_152' title='bbox 997 1585 1051 1642; x_wconf 91' lang='lat' dir='ltr'><strong>hoc</strong></span> <span class='ocrx_word' id='word_1_153' title='bbox 1067 1588 1159 1646; x_wconf 88' lang='lat' dir='ltr'><strong>nesci·</strong></span> 
     </span>
     <span class='ocr_line' id='line_1_19' title="bbox 110 1663 1158 1738; baseline 0.006 -20"><span class='ocrx_word' id='word_1_154' title='bbox 110 1668 201 1731; x_wconf 87' lang='lat' dir='ltr'><strong>entes,</strong></span> <span class='ocrx_word' id='word_1_155' title='bbox 224 1666 294 1724; x_wconf 93' lang='lat' dir='ltr'><strong>dum</strong></span> <span class='ocrx_word' id='word_1_156' title='bbox 315 1666 464 1723; x_wconf 86' lang='lat' dir='ltr'><strong>studerent</strong></span> <span class='ocrx_word' id='word_1_157' title='bbox 484 1683 624 1722; x_wconf 89' lang='lat' dir='ltr'><strong>annorum</strong></span> <span class='ocrx_word' id='word_1_158' title='bbox 643 1664 842 1738; x_wconf 81' lang='lat' dir='ltr'><strong>factorumque</strong></span> <span class='ocrx_word' id='word_1_159' title='bbox 864 1663 966 1722; x_wconf 89' lang='lat' dir='ltr'><strong>seriem</strong></span> <span class='ocrx_word' id='word_1_160' title='bbox 987 1665 1070 1723; x_wconf 83' lang='lat' dir='ltr'><strong>fastis</strong></span> <span class='ocrx_word' id='word_1_161' title='bbox 1092 1685 1158 1724; x_wconf 91' lang='lat' dir='ltr'><strong>con-</strong></span> 
     </span>
     <span class='ocr_line' id='line_1_20' title="bbox 109 1741 1158 1818; baseline 0.006 -20"><span class='ocrx_word' id='word_1_162' title='bbox 109 1741 254 1802; x_wconf 89' lang='lat' dir='ltr'><strong>sularibus</strong></span> <span class='ocrx_word' id='word_1_163' title='bbox 274 1743 434 1816; x_wconf 80' lang='lat' dir='ltr'><strong>conciliare,</strong></span> <span class='ocrx_word' id='word_1_164' title='bbox 449 1744 536 1802; x_wconf 88' lang='lat' dir='ltr'><strong>miras</strong></span> <span class='ocrx_word' id='word_1_165' title='bbox 557 1743 657 1801; x_wconf 83' lang='lat' dir='ltr'><strong>fecisse</strong></span> <span class='ocrx_word' id='word_1_166' title='bbox 678 1744 786 1800; x_wconf 90' lang='lat' dir='ltr'><strong>turbas.</strong></span> <span class='ocrx_word' id='word_1_167' title='bbox 828 1743 886 1799; x_wconf 92' lang='lat' dir='ltr'><strong>His</strong></span> <span class='ocrx_word' id='word_1_168' title='bbox 907 1742 948 1800; x_wconf 87' lang='lat' dir='ltr'><strong>ite</strong></span> <span class='ocrx_word' id='word_1_169' title='bbox 968 1745 1092 1818; x_wconf 85' lang='lat' dir='ltr'><strong>acceptis</strong></span> <span class='ocrx_word' id='word_1_170' title='bbox 1112 1746 1158 1804; x_wconf 92' lang='lat' dir='ltr'><strong>in-</strong></span> 
     </span>
     <span class='ocr_line' id='line_1_21' title="bbox 109 1821 1158 1898; baseline 0.007 -21"><span class='ocrx_word' id='word_1_171' title='bbox 109 1823 238 1881; x_wconf 86' lang='lat' dir='ltr'><strong>texuisse</strong></span> <span class='ocrx_word' id='word_1_172' title='bbox 258 1827 344 1898; x_wconf 88' lang='lat' dir='ltr'><strong>putat</strong></span> <span class='ocrx_word' id='word_1_173' title='bbox 363 1824 454 1882; x_wconf 89' lang='lat' dir='ltr'><strong>alium</strong></span> <span class='ocrx_word' id='word_1_174' title='bbox 475 1823 532 1881; x_wconf 83' lang='lat' dir='ltr'><strong>alia</strong></span> <span class='ocrx_word' id='word_1_175' title='bbox 551 1822 631 1892; x_wconf 83' lang='lat' dir='ltr'><strong>elius,</strong></span> <span class='ocrx_word' id='word_1_176' title='bbox 654 1840 833 1896; x_wconf 76' lang='lat' dir='ltr'><strong>quecunque</strong></span> <span class='ocrx_word' id='word_1_177' title='bbox 853 1821 928 1896; x_wconf 93' lang='lat' dir='ltr'><strong>apud</strong></span> <span class='ocrx_word' id='word_1_178' title='bbox 948 1823 1087 1897; x_wconf 92' lang='lat' dir='ltr'><strong>populum</strong></span> <span class='ocrx_word' id='word_1_179' title='bbox 1106 1831 1158 1884; x_wconf 89' lang='lat' dir='ltr'><strong>aut</strong></span> 
     </span>
     <span class='ocr_line' id='line_1_22' title="bbox 108 1900 1157 1974; baseline 0.006 -18"><span class='ocrx_word' id='word_1_180' title='bbox 108 1901 216 1974; x_wconf 87' lang='lat' dir='ltr'><strong>peritos</strong></span> <span class='ocrx_word' id='word_1_181' title='bbox 235 1903 379 1961; x_wconf 86' lang='lat' dir='ltr'><strong>celebrata</strong></span> <span class='ocrx_word' id='word_1_182' title='bbox 406 1902 565 1960; x_wconf 83' lang='lat' dir='ltr'><strong>audiissent</strong></span> <span class='ocrx_word' id='word_1_183' title='bbox 589 1902 649 1958; x_wconf 87' lang='lat' dir='ltr'><strong>sive</strong></span> <span class='ocrx_word' id='word_1_184' title='bbox 674 1902 709 1958; x_wconf 91' lang='lat' dir='ltr'><strong>de</strong></span> <span class='ocrx_word' id='word_1_185' title='bbox 732 1901 817 1958; x_wconf 85' lang='lat' dir='ltr'><strong>cleris</strong></span> <span class='ocrx_word' id='word_1_186' title='bbox 840 1900 959 1958; x_wconf 88' lang='lat' dir='ltr'><strong>heroum</strong></span> <span class='ocrx_word' id='word_1_187' title='bbox 982 1902 1157 1962; x_wconf 79' lang='lat' dir='ltr'><strong>facinoribus</strong></span> 
     </span>
     <span class='ocr_line' id='line_1_23' title="bbox 108 1977 1155 2056; baseline 0.007 -22"><span class='ocrx_word' id='word_1_188' title='bbox 108 1977 170 2036; x_wconf 90' lang='lat' dir='ltr'><strong>sive</strong></span> <span class='ocrx_word' id='word_1_189' title='bbox 184 1981 220 2038; x_wconf 91' lang='lat' dir='ltr'><strong>de</strong></span> <span class='ocrx_word' id='word_1_190' title='bbox 237 1981 335 2040; x_wconf 85' lang='lat' dir='ltr'><strong>locis</strong></span> <span class='ocrx_word' id='word_1_191' title='bbox 329 1982 436 2056; x_wconf 81' lang='lat' dir='ltr'><strong>insigni</strong></span> <span class='ocrx_word' id='word_1_192' title='bbox 455 1981 570 2038; x_wconf 88' lang='lat' dir='ltr'><strong>nomine</strong></span> <span class='ocrx_word' id='word_1_193' title='bbox 590 1980 726 2038; x_wconf 88' lang='lat' dir='ltr'><strong>illustrat</strong></span> <span class='ocrx_word' id='word_1_194' title='bbox 705 1985 752 2053; x_wconf 83' lang='grc' dir='ltr'>ιιι,</span> <span class='ocrx_word' id='word_1_195' title='bbox 766 1980 827 2037; x_wconf 87' lang='lat' dir='ltr'><strong>sive</strong></span> <span class='ocrx_word' id='word_1_196' title='bbox 840 1980 876 2036; x_wconf 89' lang='lat' dir='ltr'><strong>do</strong></span> <span class='ocrx_word' id='word_1_197' title='bbox 889 1979 987 2053; x_wconf 88' lang='lat' dir='ltr'><strong>legum</strong></span> <span class='ocrx_word' id='word_1_198' title='bbox 1000 1984 1030 2039; x_wconf 88' lang='lat' dir='ltr'><strong>et</strong></span> <span class='ocrx_word' id='word_1_199' title='bbox 1043 2001 1155 2040; x_wconf 86' lang='lat' dir='ltr'><strong>morum</strong></span> 
     </span>
     <span class='ocr_line' id='line_1_24' title="bbox 106 2057 1154 2192; baseline 0.007 -80"><span class='ocrx_word' id='word_1_200' title='bbox 106 2057 230 2192; x_wconf 77' lang='lat' dir='ltr'><strong>prigine,¹</strong></span> <span class='ocrx_word' id='word_1_201' title='bbox 221 2079 308 2134; x_wconf 85' lang='lat' dir='ltr'><strong>‚quse</strong></span> <span class='ocrx_word' id='word_1_202' title='bbox 323 2061 457 2119; x_wconf 87' lang='lat' dir='ltr'><strong>universa</strong></span> <span class='ocrx_word' id='word_1_203' title='bbox 467 2060 612 2118; x_wconf 89' lang='lat' dir='ltr'><strong>communi</strong></span> <span class='ocrx_word' id='word_1_204' title='bbox 621 2059 738 2118; x_wconf 88' lang='lat' dir='ltr'><strong>nomine</strong></span> <span class='ocrx_word' id='word_1_205' title='bbox 752 2059 903 2134; x_wconf 84' lang='lat' dir='ltr'><strong>amplexus</strong></span> <span class='ocrx_word' id='word_1_206' title='bbox 916 2058 1044 2118; x_wconf 86' lang='lat' dir='ltr'><strong>carmina</strong></span> <span class='ocrx_word' id='word_1_207' title='bbox 1057 2061 1154 2138; x_wconf 90' lang='lat' dir='ltr'><strong>appel·</strong></span> 
     </span>
     <span class='ocr_line' id='line_1_25' title="bbox 118 2137 345 2198; baseline 0.014 -4"><span class='ocrx_word' id='word_1_208' title='bbox 118 2154 166 2194; x_wconf 83' lang='lat' dir='ltr'><strong>are</strong></span> <span class='ocrx_word' id='word_1_209' title='bbox 180 2137 280 2196; x_wconf 90' lang='lat' dir='ltr'><strong>solitus</strong></span> <span class='ocrx_word' id='word_1_210' title='bbox 293 2142 345 2198; x_wconf 87' lang='lat' dir='ltr'><strong>est.</strong></span> 
     </span>
    </p>

    <p class='ocr_par' dir='ltr' id='par_1_3' title="bbox 102 2215 1154 2608">
     <span class='ocr_line' id='line_1_26' title="bbox 146 2215 1154 2307; baseline 0.004 -35"><span class='ocrx_word' id='word_1_211' title='bbox 146 2217 305 2274; x_wconf 88' lang='lat' dir='ltr'><strong>Annalium</strong></span> <span class='ocrx_word' id='word_1_212' title='bbox 317 2218 433 2293; x_wconf 87' lang='lat' dir='ltr'><strong>quidem</strong></span> <span class='ocrx_word' id='word_1_213' title='bbox 444 2218 519 2295; x_wconf 89' lang='lat' dir='ltr'><strong>scrip</strong></span> <span class='ocrx_word' id='word_1_214' title='bbox 520 2215 783 2278; x_wconf 86' lang='lat' dir='ltr'><strong>toresNiebuhrius</strong></span> <span class='ocrx_word' id='word_1_215' title='bbox 796 2215 871 2274; x_wconf 89' lang='grc' dir='ltr'>ιιιιιι</span> <span class='ocrx_word' id='word_1_216' title='bbox 884 2215 1034 2275; x_wconf 90' lang='lat' dir='ltr'><strong>habuittu</strong></span> <span class='ocrx_word' id='word_1_217' title='bbox 1000 2218 1154 2307; x_wconf 72' lang='lat' dir='ltr'><strong>utssepius</strong></span> 
     </span>
     <span class='ocr_line' id='line_1_27' title="bbox 104 2240 1152 2388; baseline 0.005 -38"><span class='ocrx_word' id='word_1_218' title='bbox 104 2292 253 2354; x_wconf 81' lang='lat' dir='ltr'><strong>dictitaret</strong></span> <span class='ocrx_word' id='word_1_219' title='bbox 264 2297 340 2354; x_wconf 91' lang='lat' dir='ltr'><strong>nihil</strong></span> <span class='ocrx_word' id='word_1_220' title='bbox 352 2298 418 2372; x_wconf 92' lang='lat' dir='ltr'><strong>plus</strong></span> <span class='ocrx_word' id='word_1_221' title='bbox 436 2318 496 2356; x_wconf 89' lang='lat' dir='ltr'><strong>sese</strong></span> <span class='ocrx_word' id='word_1_222' title='bbox 500 2240 643 2388; x_wconf 76' lang='lat' dir='ltr'><strong>Iirppctcre</strong></span> <span class='ocrx_word' id='word_1_223' title='bbox 659 2315 746 2372; x_wconf 89' lang='lat' dir='ltr'><strong>quam</strong></span> <span class='ocrx_word' id='word_1_224' title='bbox 759 2295 887 2370; x_wconf 88' lang='lat' dir='ltr'><strong>aliquam</strong></span> <span class='ocrx_word' id='word_1_225' title='bbox 900 2295 1004 2352; x_wconf 88' lang='lat' dir='ltr'><strong>Fabii</strong></span> <span class='ocrx_word' id='word_1_226' title='bbox 995 2296 1152 2369; x_wconf 83' lang='lat' dir='ltr'><strong>imaginem</strong></span> 
     </span>
     <span class='ocr_line' id='line_1_28' title="bbox 103 2373 1151 2452; baseline 0.006 -24"><span class='ocrx_word' id='word_1_227' title='bbox 103 2376 366 2448; x_wconf 65' lang='lat' dir='ltr'><strong>repraesentarem</strong></span> <span class='ocrx_word' id='word_1_228' title='bbox 385 2396 443 2452; x_wconf 88' lang='lat' dir='ltr'><strong>quo</strong></span> <span class='ocrx_word' id='word_1_229' title='bbox 459 2378 546 2434; x_wconf 87' lang='lat' dir='ltr'><strong>nimis</strong></span> <span class='ocrx_word' id='word_1_230' title='bbox 567 2377 655 2434; x_wconf 86' lang='lat' dir='ltr'><strong>fuisse</strong></span> <span class='ocrx_word' id='word_1_231' title='bbox 671 2374 835 2443; x_wconf 84' lang='lat' dir='ltr'><strong>demissum,</strong></span> <span class='ocrx_word' id='word_1_232' title='bbox 852 2394 903 2432; x_wconf 90' lang='lat' dir='ltr'><strong>scu</strong></span> <span class='ocrx_word' id='word_1_233' title='bbox 916 2374 960 2432; x_wconf 90' lang='grc' dir='ltr'><strong>ιιι</strong></span> <span class='ocrx_word' id='word_1_234' title='bbox 961 2373 989 2432; x_wconf 89' lang='grc' dir='ltr'><strong>ιο</strong></span> <span class='ocrx_word' id='word_1_235' title='bbox 949 2375 1079 2432; x_wconf 90' lang='lat' dir='ltr'><strong>tillud</strong></span> <span class='ocrx_word' id='word_1_236' title='bbox 1099 2395 1151 2434; x_wconf 84' lang='lat' dir='ltr'><strong>seu</strong></span> 
     </span>
     <span class='ocr_line' id='line_1_29' title="bbox 102 2451 1151 2590; baseline 0.004 -81"><span class='ocrx_word' id='word_1_237' title='bbox 102 2451 206 2510; x_wconf 90' lang='lat' dir='ltr'><strong>honori</strong></span> <span class='ocrx_word' id='word_1_238' title='bbox 224 2458 341 2513; x_wconf 83' lang='lat' dir='ltr'><strong>vertant</strong></span> <span class='ocrx_word' id='word_1_239' title='bbox 360 2475 458 2514; x_wconf 88' lang='lat' dir='ltr'><strong>omnes</strong></span> <span class='ocrx_word' id='word_1_240' title='bbox 477 2457 536 2514; x_wconf 89' lang='lat' dir='ltr'><strong>fere</strong></span> <span class='ocrx_word' id='word_1_241' title='bbox 557 2455 721 2514; x_wconf 81' lang='lat' dir='ltr'><strong>concedent.</strong></span> <span class='ocrx_word' id='word_1_242' title='bbox 764 2454 907 2590; x_wconf 86' lang='lat' dir='ltr'><strong>Namque,</strong></span> <span class='ocrx_word' id='word_1_243' title='bbox 928 2462 963 2510; x_wconf 92' lang='lat' dir='ltr'><strong>ut</strong></span> <span class='ocrx_word' id='word_1_244' title='bbox 983 2453 1067 2510; x_wconf 88' lang='lat' dir='ltr'><strong>duo&#39;</strong></span> <span class='ocrx_word' id='word_1_245' title='bbox 1059 2461 1117 2512; x_wconf 89' lang='grc' dir='ltr'>ιιιιι</span> <span class='ocrx_word' id='word_1_246' title='bbox 1119 2474 1151 2513; x_wconf 87' lang='lat' dir='ltr'><strong>ar</strong></span> 
     </span>
     <span class='ocr_line' id='line_1_30' title="bbox 102 2531 1150 2608; baseline 0.004 -20"><span class='ocrx_word' id='word_1_247' title='bbox 102 2532 232 2590; x_wconf 88' lang='lat' dir='ltr'><strong>omnium</strong></span> <span class='ocrx_word' id='word_1_248' title='bbox 251 2533 378 2600; x_wconf 85' lang='lat' dir='ltr'><strong>afferam,</strong></span> <span class='ocrx_word' id='word_1_249' title='bbox 396 2553 480 2592; x_wconf 88' lang='lat' dir='ltr'><strong>nemo</strong></span> <span class='ocrx_word' id='word_1_250' title='bbox 501 2535 598 2593; x_wconf 87' lang='lat' dir='ltr'><strong>credet</strong></span> <span class='ocrx_word' id='word_1_251' title='bbox 615 2533 740 2592; x_wconf 87' lang='lat' dir='ltr'><strong>Fabium</strong></span> <span class='ocrx_word' id='word_1_252' title='bbox 759 2533 936 2608; x_wconf 87' lang='lat' dir='ltr'><strong>suspicatum</strong></span> <span class='ocrx_word' id='word_1_253' title='bbox 955 2552 1018 2591; x_wconf 89' lang='lat' dir='ltr'><strong>esse</strong></span> <span class='ocrx_word' id='word_1_254' title='bbox 1038 2531 1150 2607; x_wconf 83' lang='lat' dir='ltr'><strong>aliquid</strong></span> 
     </span>
    </p>
   </div>
   <div class='ocr_carea' id='block_1_3' title="bbox 26 2609 1149 2678">
    <p class='ocr_par' dir='ltr' id='par_1_4' title="bbox 26 2609 1149 2678">
     <span class='ocr_line' id='line_1_31' title="bbox 26 2609 1149 2678; baseline 0.004 -12"><span class='ocrx_word' id='word_1_255' title='bbox 26 2621 42 2624; x_wconf 76' lang='grc'><strong>·’</strong></span> <span class='ocrx_word' id='word_1_256' title='bbox 100 2609 136 2668; x_wconf 90' lang='lat' dir='ltr'><strong>de</strong></span> <span class='ocrx_word' id='word_1_257' title='bbox 154 2612 297 2670; x_wconf 87' lang='lat' dir='ltr'><strong>connubio</strong></span> <span class='ocrx_word' id='word_1_258' title='bbox 315 2632 382 2670; x_wconf 89' lang='lat' dir='ltr'><strong>oum</strong></span> <span class='ocrx_word' id='word_1_259' title='bbox 400 2613 563 2678; x_wconf 82' lang='lat' dir='ltr'><strong>Quiritibus</strong></span> <span class='ocrx_word' id='word_1_260' title='bbox 579 2633 596 2671; x_wconf 91' lang='lat' dir='ltr'><strong>a</strong></span> <span class='ocrx_word' id='word_1_261' title='bbox 613 2612 751 2670; x_wconf 86' lang='lat' dir='ltr'><strong>Romanis</strong></span> <span class='ocrx_word' id='word_1_262' title='bbox 770 2613 909 2669; x_wconf 86' lang='lat' dir='ltr'><strong>extorto</strong></span> <span class='ocrx_word' id='word_1_263' title='bbox 901 2631 933 2668; x_wconf 91' lang='grc' dir='ltr'><strong>ιιι</strong></span> <span class='ocrx_word' id='word_1_264' title='bbox 953 2613 990 2670; x_wconf 84' lang='grc' dir='ltr'><strong>ιιι</strong></span> <span class='ocrx_word' id='word_1_265' title='bbox 1007 2612 1149 2670; x_wconf 86' lang='lat' dir='ltr'><strong>contineri</strong></span> 
     </span>
    </p>
   </div>
   <div class='ocr_carea' id='block_1_4' title="bbox 87 2689 1147 3858">
    <p class='ocr_par' dir='ltr' id='par_1_5' title="bbox 93 2689 1147 3004">
     <span class='ocr_line' id='line_1_32' title="bbox 100 2689 1145 2783; baseline 0.001 -36"><span class='ocrx_word' id='word_1_266' title='bbox 100 2707 166 2763; x_wconf 85' lang='lat' dir='ltr'><strong>quae</strong></span> <span class='ocrx_word' id='word_1_267' title='bbox 187 2691 222 2748; x_wconf 87' lang='lat' dir='ltr'><strong>de</strong></span> <span class='ocrx_word' id='word_1_268' title='bbox 237 2690 408 2749; x_wconf 81' lang='lat' dir='ltr'><strong>Sabinarum</strong></span> <span class='ocrx_word' id='word_1_269' title='bbox 427 2697 513 2783; x_wconf 88' lang='lat' dir='ltr'><strong>raptu</strong></span> <span class='ocrx_word' id='word_1_270' title='bbox 527 2698 557 2751; x_wconf 91' lang='lat' dir='ltr'><strong>et</strong></span> <span class='ocrx_word' id='word_1_271' title='bbox 570 2691 699 2768; x_wconf 82' lang='lat' dir='ltr'><strong>Tarpeiae</strong></span> <span class='ocrx_word' id='word_1_272' title='bbox 715 2691 815 2748; x_wconf 85' lang='lat' dir='ltr'><strong>fraude</strong></span> <span class='ocrx_word' id='word_1_273' title='bbox 829 2690 962 2749; x_wconf 89' lang='lat' dir='ltr'><strong>retulerit</strong></span> <span class='ocrx_word' id='word_1_274' title='bbox 975 2689 1100 2748; x_wconf 89' lang='lat' dir='ltr'><strong>audierit</strong></span> <span class='ocrx_word' id='word_1_275' title='bbox 1088 2697 1145 2762; x_wconf 84' lang='lat' dir='ltr'><strong>t,ve</strong></span> 
     </span>
     <span class='ocr_line' id='line_1_33' title="bbox 98 2735 1147 2861; baseline 0.003 -37"><span class='ocrx_word' id='word_1_276' title='bbox 98 2775 151 2826; x_wconf 88' lang='lat' dir='ltr'><strong>aut</strong></span> <span class='ocrx_word' id='word_1_277' title='bbox 170 2769 276 2828; x_wconf 86' lang='lat' dir='ltr'><strong>idcirco</strong></span> <span class='ocrx_word' id='word_1_278' title='bbox 295 2771 346 2828; x_wconf 90' lang='lat' dir='ltr'><strong>fict</strong></span> <span class='ocrx_word' id='word_1_279' title='bbox 333 2775 395 2828; x_wconf 90' lang='lat' dir='ltr'><strong>tum</strong></span> <span class='ocrx_word' id='word_1_280' title='bbox 416 2772 541 2830; x_wconf 87' lang='lat' dir='ltr'><strong>occisum</strong></span> <span class='ocrx_word' id='word_1_281' title='bbox 561 2791 622 2830; x_wconf 87' lang='lat' dir='ltr'><strong>csse</strong></span> <span class='ocrx_word' id='word_1_282' title='bbox 642 2772 678 2828; x_wconf 89' lang='lat' dir='ltr'><strong>ab</strong></span> <span class='ocrx_word' id='word_1_283' title='bbox 697 2768 850 2844; x_wconf 86' lang='lat' dir='ltr'><strong>nepotibus</strong></span> <span class='ocrx_word' id='word_1_284' title='bbox 869 2772 945 2828; x_wconf 89' lang='lat' dir='ltr'><strong>Anci</strong></span> <span class='ocrx_word' id='word_1_285' title='bbox 948 2769 1016 2861; x_wconf 81' lang='lat' dir='ltr'><strong>qui</strong></span> <span class='ocrx_word' id='word_1_286' title='bbox 1033 2735 1147 2844; x_wconf 84' lang='lat' dir='ltr'><strong>plebeui</strong></span> 
     </span>
     <span class='ocr_line' id='line_1_34' title="bbox 97 2848 1147 2926; baseline 0.003 -23"><span class='ocrx_word' id='word_1_287' title='bbox 97 2848 271 2906; x_wconf 88' lang='lat' dir='ltr'><strong>condidisset</strong></span> <span class='ocrx_word' id='word_1_288' title='bbox 295 2849 486 2925; x_wconf 83' lang='lat' dir='ltr'><strong>Tarquinium</strong></span> <span class='ocrx_word' id='word_1_289' title='bbox 512 2851 597 2908; x_wconf 91' lang='lat' dir='ltr'><strong>illum</strong></span> <span class='ocrx_word' id='word_1_290' title='bbox 619 2849 755 2926; x_wconf 91' lang='lat' dir='ltr'><strong>priscum,</strong></span> <span class='ocrx_word' id='word_1_291' title='bbox 776 2849 882 2924; x_wconf 91' lang='lat' dir='ltr'><strong>quod</strong></span> <span class='ocrx_word' id='word_1_292' title='bbox 874 2870 899 2906; x_wconf 91' lang='grc' dir='ltr'><strong>ιι</strong></span> <span class='ocrx_word' id='word_1_293' title='bbox 925 2850 1071 2918; x_wconf 84' lang='lat' dir='ltr'><strong>nimirum,</strong></span> <span class='ocrx_word' id='word_1_294' title='bbox 1095 2848 1147 2923; x_wconf 92' lang='lat' dir='ltr'><strong>qui</strong></span> 
     </span>
     <span class='ocr_line' id='line_1_35' title="bbox 93 2924 1145 3018; baseline 0.001 -36"><span class='ocrx_word' id='word_1_295' title='bbox 93 2924 164 3000; x_wconf 86' lang='lat' dir='ltr'><strong>jura</strong></span> <span class='ocrx_word' id='word_1_296' title='bbox 183 2927 342 2987; x_wconf 90' lang='lat' dir='ltr'><strong>minoribus</strong></span> <span class='ocrx_word' id='word_1_297' title='bbox 365 2948 496 2988; x_wconf 88' lang='lat' dir='ltr'><strong>concessa</strong></span> <span class='ocrx_word' id='word_1_298' title='bbox 517 2930 652 3004; x_wconf 84' lang='lat' dir='ltr'><strong>gentibus</strong></span> <span class='ocrx_word' id='word_1_299' title='bbox 672 2928 750 3004; x_wconf 92' lang='lat' dir='ltr'><strong>plebi</strong></span> <span class='ocrx_word' id='word_1_300' title='bbox 763 2929 926 3000; x_wconf 83' lang='lat' dir='ltr'><strong>denegaret,</strong></span> <span class='ocrx_word' id='word_1_301' title='bbox 939 2927 1051 3018; x_wconf 85' lang='lat' dir='ltr'><strong>plebeio</strong></span> <span class='ocrx_word' id='word_1_302' title='bbox 1064 2939 1145 2984; x_wconf 87' lang='lat' dir='ltr'><strong>motu</strong></span> 
     </span>
    </p>

    <p class='ocr_par' dir='ltr' id='par_1_6' title="bbox 87 3006 1146 3797">
     <span class='ocr_line' id='line_1_36' title="bbox 96 3006 1146 3073; baseline 0.004 -13"><span class='ocrx_word' id='word_1_303' title='bbox 96 3014 216 3064; x_wconf 88' lang='lat' dir='ltr'><strong>mortem</strong></span> <span class='ocrx_word' id='word_1_304' title='bbox 236 3006 389 3066; x_wconf 88' lang='lat' dir='ltr'><strong>invenerit.</strong></span> <span class='ocrx_word' id='word_1_305' title='bbox 431 3008 560 3073; x_wconf 82' lang='lat' dir='ltr'><strong>Quorum</strong></span> <span class='ocrx_word' id='word_1_306' title='bbox 574 3009 627 3066; x_wconf 92' lang='lat' dir='ltr'><strong>hoo</strong></span> <span class='ocrx_word' id='word_1_307' title='bbox 639 3009 696 3066; x_wconf 83' lang='lat' dir='ltr'><strong>Bar</strong></span> <span class='ocrx_word' id='word_1_308' title='bbox 697 3007 813 3065; x_wconf 84' lang='lat' dir='ltr'><strong>botulus</strong></span> <span class='ocrx_word' id='word_1_309' title='bbox 832 3007 951 3066; x_wconf 87' lang='lat' dir='ltr'><strong>haud&#39;</strong></span> <span class='ocrx_word' id='word_1_310' title='bbox 923 3007 1009 3064; x_wconf 81' lang='lat' dir='ltr'><strong>nimis</strong></span> <span class='ocrx_word' id='word_1_311' title='bbox 1022 3006 1114 3063; x_wconf 90' lang='lat' dir='ltr'><strong>fident</strong></span> <span class='ocrx_word' id='word_1_312' title='bbox 1102 3014 1146 3064; x_wconf 88' lang='lat' dir='ltr'><strong>ter</strong></span> 
     </span>
     <span class='ocr_line' id='line_1_37' title="bbox 92 3081 1144 3161; baseline 0.001 -19"><span class='ocrx_word' id='word_1_313' title='bbox 92 3081 174 3158; x_wconf 83' lang='lat' dir='ltr'><strong>Jacit,</strong></span> <span class='ocrx_word' id='word_1_314' title='bbox 154 3084 263 3143; x_wconf 89' lang='lat' dir='ltr'><strong>tlicet</strong></span> <span class='ocrx_word' id='word_1_315' title='bbox 283 3087 339 3145; x_wconf 91' lang='lat' dir='ltr'><strong>sibi</strong></span> <span class='ocrx_word' id='word_1_316' title='bbox 362 3087 444 3146; x_wconf 85' lang='lat' dir='ltr'><strong>velut</strong></span> <span class='ocrx_word' id='word_1_317' title='bbox 466 3086 685 3161; x_wconf 84' lang='lat' dir='ltr'><strong>diligentissimo</strong></span> <span class='ocrx_word' id='word_1_318' title='bbox 701 3085 811 3144; x_wconf 86' lang='lat' dir='ltr'><strong>auctori</strong></span> <span class='ocrx_word' id='word_1_319' title='bbox 832 3086 995 3144; x_wconf 89' lang='lat' dir='ltr'><strong>libertatem</strong></span> <span class='ocrx_word' id='word_1_320' title='bbox 1015 3086 1144 3144; x_wconf 87' lang='lat' dir='ltr'><strong>vindicet</strong></span> 
     </span>
     <span class='ocr_line' id='line_1_38' title="bbox 95 3162 1142 3256; baseline 0.004 -38"><span class='ocrx_word' id='word_1_321' title='bbox 95 3162 183 3220; x_wconf 86' lang='lat' dir='ltr'><strong>etiam</strong></span> <span class='ocrx_word' id='word_1_322' title='bbox 197 3163 306 3224; x_wconf 87' lang='lat' dir='ltr'><strong>incerta</strong></span> <span class='ocrx_word' id='word_1_323' title='bbox 318 3167 490 3256; x_wconf 81' lang='lat' dir='ltr'><strong>proferendi,</strong></span> <span class='ocrx_word' id='word_1_324' title='bbox 505 3167 579 3224; x_wconf 90' lang='lat' dir='ltr'><strong>illud</strong></span> <span class='ocrx_word' id='word_1_325' title='bbox 593 3185 660 3223; x_wconf 88' lang='lat' dir='ltr'><strong>vero</strong></span> <span class='ocrx_word' id='word_1_326' title='bbox 676 3165 726 3222; x_wconf 87' lang='lat' dir='ltr'><strong>vix</strong></span> <span class='ocrx_word' id='word_1_327' title='bbox 743 3165 775 3222; x_wconf 93' lang='lat' dir='ltr'><strong>in</strong></span> <span class='ocrx_word' id='word_1_328' title='bbox 793 3165 914 3224; x_wconf 91' lang='lat' dir='ltr'><strong>dubium</strong></span> <span class='ocrx_word' id='word_1_329' title='bbox 933 3165 1029 3225; x_wconf 86' lang='lat' dir='ltr'><strong>vocari</strong></span> <span class='ocrx_word' id='word_1_330' title='bbox 1042 3183 1093 3239; x_wconf 85' lang='lat' dir='ltr'><strong>pes</strong></span> <span class='ocrx_word' id='word_1_331' title='bbox 1081 3184 1142 3222; x_wconf 90' lang='lat' dir='ltr'><strong>sus</strong></span> 
     </span>
     <span class='ocr_line' id='line_1_39' title="bbox 94 3239 1142 3321; baseline 0.004 -23"><span class='ocrx_word' id='word_1_332' title='bbox 94 3239 313 3302; x_wconf 87' lang='lat' dir='ltr'><strong>Pisonianorum</strong></span> <span class='ocrx_word' id='word_1_333' title='bbox 333 3245 451 3303; x_wconf 90' lang='lat' dir='ltr'><strong>somniis</strong></span> <span class='ocrx_word' id='word_1_334' title='bbox 472 3265 561 3321; x_wconf 88' lang='lat' dir='ltr'><strong>quam</strong></span> <span class='ocrx_word' id='word_1_335' title='bbox 584 3243 709 3302; x_wconf 85' lang='lat' dir='ltr'><strong>maxime</strong></span> <span class='ocrx_word' id='word_1_336' title='bbox 732 3245 829 3303; x_wconf 87' lang='lat' dir='ltr'><strong>abesse</strong></span> <span class='ocrx_word' id='word_1_337' title='bbox 852 3254 958 3312; x_wconf 87' lang='lat' dir='ltr'><strong>censet,</strong></span> <span class='ocrx_word' id='word_1_338' title='bbox 979 3264 1070 3321; x_wconf 91' lang='lat' dir='ltr'><strong>quum</strong></span> <span class='ocrx_word' id='word_1_339' title='bbox 1091 3243 1142 3302; x_wconf 89' lang='lat' dir='ltr'><strong>isti</strong></span> 
     </span>
     <span class='ocr_line' id='line_1_40' title="bbox 93 3323 1141 3400; baseline 0.002 -22"><span class='ocrx_word' id='word_1_340' title='bbox 93 3339 155 3378; x_wconf 85' lang='lat' dir='ltr'><strong>rem</strong></span> <span class='ocrx_word' id='word_1_341' title='bbox 176 3331 266 3378; x_wconf 86' lang='lat' dir='ltr'><strong>totam</strong></span> <span class='ocrx_word' id='word_1_342' title='bbox 285 3329 352 3382; x_wconf 89' lang='lat' dir='ltr'><strong>ante</strong></span> <span class='ocrx_word' id='word_1_343' title='bbox 373 3325 469 3381; x_wconf 90' lang='lat' dir='ltr'><strong>oculos</strong></span> <span class='ocrx_word' id='word_1_344' title='bbox 489 3343 647 3400; x_wconf 88' lang='lat' dir='ltr'><strong>numquam</strong></span> <span class='ocrx_word' id='word_1_345' title='bbox 668 3323 838 3396; x_wconf 88' lang='lat' dir='ltr'><strong>posuissent</strong></span> <span class='ocrx_word' id='word_1_346' title='bbox 860 3324 1036 3399; x_wconf 86' lang='lat' dir='ltr'><strong>pedetentim</strong></span> <span class='ocrx_word' id='word_1_347' title='bbox 1057 3323 1141 3380; x_wconf 92' lang='lat' dir='ltr'><strong>modo</strong></span> 
     </span>
     <span class='ocr_line' id='line_1_41' title="bbox 92 3401 1139 3477; baseline 0.004 -21"><span class='ocrx_word' id='word_1_348' title='bbox 92 3410 280 3475; x_wconf 88' lang='lat' dir='ltr'><strong>sequerentur</strong></span> <span class='ocrx_word' id='word_1_349' title='bbox 293 3403 421 3461; x_wconf 84' lang='lat' dir='ltr'><strong>fabulam</strong></span> <span class='ocrx_word' id='word_1_350' title='bbox 441 3404 681 3476; x_wconf 85' lang='lat' dir='ltr'><strong>corrigerentque,</strong></span> <span class='ocrx_word' id='word_1_351' title='bbox 702 3401 901 3460; x_wconf 87' lang='lat' dir='ltr'><strong>incredibilem</strong></span> <span class='ocrx_word' id='word_1_352' title='bbox 920 3403 1139 3477; x_wconf 87' lang='lat' dir='ltr'><strong>inauditamque</strong></span> 
     </span>
     <span class='ocr_line' id='line_1_42' title="bbox 91 3481 1139 3560; baseline 0.002 -24"><span class='ocrx_word' id='word_1_353' title='bbox 91 3491 222 3538; x_wconf 86' lang='lat' dir='ltr'><strong>veterum</strong></span> <span class='ocrx_word' id='word_1_354' title='bbox 242 3481 399 3539; x_wconf 84' lang='lat' dir='ltr'><strong>stultitiam</strong></span> <span class='ocrx_word' id='word_1_355' title='bbox 418 3482 568 3556; x_wconf 84' lang='lat' dir='ltr'><strong>fingerent,</strong></span> <span class='ocrx_word' id='word_1_356' title='bbox 585 3483 637 3556; x_wconf 88' lang='lat' dir='ltr'><strong>qui</strong></span> <span class='ocrx_word' id='word_1_357' title='bbox 657 3488 717 3538; x_wconf 89' lang='lat' dir='ltr'><strong>tam</strong></span> <span class='ocrx_word' id='word_1_358' title='bbox 735 3481 832 3556; x_wconf 85' lang='lat' dir='ltr'><strong>plana,</strong></span> <span class='ocrx_word' id='word_1_359' title='bbox 845 3485 962 3560; x_wconf 88' lang='lat' dir='ltr'><strong>tamque</strong></span> <span class='ocrx_word' id='word_1_360' title='bbox 975 3482 1059 3540; x_wconf 87' lang='lat' dir='ltr'><strong>facile</strong></span> <span class='ocrx_word' id='word_1_361' title='bbox 1073 3501 1139 3555; x_wconf 88' lang='lat' dir='ltr'><strong>cog·</strong></span> 
     </span>
     <span class='ocr_line' id='line_1_43' title="bbox 89 3560 1138 3636; baseline 0.002 -20"><span class='ocrx_word' id='word_1_362' title='bbox 89 3560 230 3616; x_wconf 84' lang='lat' dir='ltr'><strong>noscenda</strong></span> <span class='ocrx_word' id='word_1_363' title='bbox 251 3560 295 3617; x_wconf 89' lang='lat' dir='ltr'><strong>ita</strong></span> <span class='ocrx_word' id='word_1_364' title='bbox 316 3561 387 3618; x_wconf 90' lang='lat' dir='ltr'><strong>mire</strong></span> <span class='ocrx_word' id='word_1_365' title='bbox 411 3560 720 3636; x_wconf 70' lang='lat' dir='ltr'><strong>contunderent—ipse</strong></span> <span class='ocrx_word' id='word_1_366' title='bbox 744 3565 843 3618; x_wconf 87' lang='lat' dir='ltr'><strong>contra</strong></span> <span class='ocrx_word' id='word_1_367' title='bbox 860 3560 936 3618; x_wconf 88' lang='lat' dir='ltr'><strong>nihil</strong></span> <span class='ocrx_word' id='word_1_368' title='bbox 956 3561 1012 3619; x_wconf 89' lang='lat' dir='ltr'><strong>sibi</strong></span> <span class='ocrx_word' id='word_1_369' title='bbox 1033 3579 1138 3635; x_wconf 89' lang='lat' dir='ltr'><strong>ponere</strong></span> 
     </span>
     <span class='ocr_line' id='line_1_44' title="bbox 88 3638 1138 3716; baseline -0.002 -18"><span class='ocrx_word' id='word_1_370' title='bbox 88 3639 168 3698; x_wconf 80' lang='lat' dir='ltr'><strong>risus</strong></span> <span class='ocrx_word' id='word_1_371' title='bbox 182 3645 226 3698; x_wconf 92' lang='lat' dir='ltr'><strong>est</strong></span> <span class='ocrx_word' id='word_1_372' title='bbox 245 3639 323 3716; x_wconf 93' lang='lat' dir='ltr'><strong>quod</strong></span> <span class='ocrx_word' id='word_1_373' title='bbox 341 3659 400 3698; x_wconf 92' lang='lat' dir='ltr'><strong>nou</strong></span> <span class='ocrx_word' id='word_1_374' title='bbox 419 3645 562 3698; x_wconf 86' lang='lat' dir='ltr'><strong>constaret</strong></span> <span class='ocrx_word' id='word_1_375' title='bbox 581 3640 686 3716; x_wconf 79' lang='lat' dir='ltr'><strong>saepius</strong></span> <span class='ocrx_word' id='word_1_376' title='bbox 706 3638 879 3710; x_wconf 77' lang='lat' dir='ltr'><strong>factitatum,</strong></span> <span class='ocrx_word' id='word_1_377' title='bbox 899 3641 1007 3698; x_wconf 90' lang='lat' dir='ltr'><strong>nudam</strong></span> <span class='ocrx_word' id='word_1_378' title='bbox 1027 3639 1138 3698; x_wconf 86' lang='lat' dir='ltr'><strong>scilicet</strong></span> 
     </span>
     <span class='ocr_line' id='line_1_45' title="bbox 87 3717 1136 3797; baseline -0.003 -19"><span class='ocrx_word' id='word_1_379' title='bbox 87 3718 242 3779; x_wconf 83' lang='lat' dir='ltr'><strong>veritatem</strong></span> <span class='ocrx_word' id='word_1_380' title='bbox 261 3717 381 3797; x_wconf 87' lang='lat' dir='ltr'><strong>poeticis</strong></span> <span class='ocrx_word' id='word_1_381' title='bbox 396 3720 559 3778; x_wconf 86' lang='lat' dir='ltr'><strong>decoratam</strong></span> <span class='ocrx_word' id='word_1_382' title='bbox 576 3738 636 3777; x_wconf 88' lang='lat' dir='ltr'><strong>esse</strong></span> <span class='ocrx_word' id='word_1_383' title='bbox 654 3717 772 3776; x_wconf 88' lang='lat' dir='ltr'><strong>fabulis.</strong></span> <span class='ocrx_word' id='word_1_384' title='bbox 812 3718 851 3776; x_wconf 91' lang='lat' dir='ltr'><strong>Id</strong></span> <span class='ocrx_word' id='word_1_385' title='bbox 869 3721 968 3778; x_wconf 89' lang='lat' dir='ltr'><strong>tamen</strong></span> <span class='ocrx_word' id='word_1_386' title='bbox 980 3737 1064 3778; x_wconf 88' lang='lat' dir='ltr'><strong>nemo</strong></span> <span class='ocrx_word' id='word_1_387' title='bbox 1077 3735 1136 3776; x_wconf 92' lang='lat' dir='ltr'><strong>non</strong></span> 
     </span>
    </p>

    <p class='ocr_par' dir='ltr' id='par_1_7' title="bbox 588 3805 639 3858">
     <span class='ocr_line' id='line_1_46' title="bbox 588 3805 639 3858; baseline 0.039 -2"><span class='ocrx_word' id='word_1_388' title='bbox 588 3805 639 3858; x_wconf 85' lang='lat' dir='ltr'><strong>n3</strong></span> 
     </span>
    </p>
   </div>
   <div class='ocr_carea' id='block_1_5' title="bbox 0 0 1302 4108">
    <p class='ocr_par' dir='ltr' id='par_1_8' title="bbox 0 0 1302 4108">
     <span class='ocr_line' id='line_1_47' title="bbox 0 0 1302 4108; baseline 0 12"><span class='ocrx_word' id='word_1_389' title='bbox 0 0 1302 4108; x_wconf 95' lang='lat' dir='ltr'><strong> </strong></span> 
     </span>
    </p>
   </div>
  </div>
 </body>
</html>
