2594 4108
675 117 714 174 24

162 266 219 321 aut
238 263 384 323 excidium
404 266 563 327 Britanniae
581 269 723 339 moerenti,
738 288 784 327 res
802 269 837 326 ab
857 265 963 345 aequali
981 265 1061 322 nullo
1081 261 1224 324 traditas.

167 343 275 408 Quodsi
289 345 410 404 ulterius
422 351 586 439 protervam
603 349 725 407 fortuna
744 349 890 406 licentiam
904 364 1038 421 prosequi
1030 345 1124 404 libet
1111 346 1226 438 t,quis

166 440 271 496 negare
282 425 406 496 audebit,
418 427 490 503 quin
497 427 604 518 posteri
612 427 687 484 nihil
698 433 758 485 cert
758 428 803 485 ius
746 428 847 485 tde
859 424 1030 484 nromvellio
1041 425 1222 519 acceperint,

167 520 255 592 quam
267 509 304 562 11
306 523 373 562 erno
388 525 438 563 suo
450 505 542 580 ipsius
555 507 645 564 exitio
662 525 726 564 eum
739 507 888 565 victoriam
901 503 1120 579 Vigorniensem
1133 509 1224 582 pepi-

167 579 250 671 gisae,
266 583 344 658 quod
363 603 431 642 sane
450 589 549 644 narrat
568 585 687 662 oequalis
707 585 787 642 illius
808 585 972 644 testimonio
993 583 1142 642 firmatum
1166 587 1224 678 qui

165 657 228 734 ipsc
242 661 362 734 viderat,
342 663 449 721 t'ut
430 684 451 720 11
465 683 515 739 qur
507 665 713 739 'aequaliumt
714 673 757 723 est
758 663 871 722 imoniis
891 663 1019 721 decidere
1032 663 1136 721 volunt
1158 667 1222 722 sin-

166 741 234 811 gula
248 743 299 798 111
312 707 378 800 huic
391 743 528 801 miraculo
542 745 665 802 debeant
652 747 736 802 1111
747 743 823 801 nulli
836 743 933 801 fidere.
975 741 1052 807 Quid
1071 761 1139 815 ergo
1160 744 1224 803 erit

167 819 191 875 11
211 819 338 878 Edvardi
351 841 396 880 res
409 822 562 881 Alurcdeis
574 821 772 880 conferamus?
799 823 861 880 Nos
874 821 991 897 quidem
999 821 1128 879 Edvardi
1142 828 1221 880 tem-

166 917 237 973 pora
257 900 417 958 accuratius
429 901 628 976 intelligimus,
642 904 748 978 posteri
764 921 815 960 cur
833 901 999 991 intelligant
1018 919 1103 958 causa
1120 901 1222 960 adhuc

166 977 256 1048 latot;
278 978 314 1035 de
332 979 383 1036 illc
404 980 481 1054 apud
493 1001 546 1038 nos
559 983 731 1040 constabunt
743 981 836 1039 multa
848 979 990 1037 vixdum
983 998 1015 1036 ιιι
1033 979 1128 1036 lucem
1149 998 1220 1054 pro-

166 1057 235 1128 lata,
257 1061 325 1115 sunt
345 1057 396 1148 qui
415 1059 509 1118 velint
528 1059 655 1118 solutum
675 1059 763 1117 fuisse
783 1059 903 1132 legibus,
926 1062 995 1116 sunt
1014 1059 1063 1133 qni
1084 1057 1221 1132 Georgiis

166 1103 245 1194 haud
264 1137 455 1210 potentiorem
469 1138 581 1210 malint,
559 1142 665 1197 tsunt
680 1158 731 1215 qu1
723 1139 926 1197 'Levellinum
943 1157 976 1195 ac
990 1136 1165 1195 Wallacium
1182 1141 1220 1196 ob

168 1215 274 1272 scelera
301 1215 423 1273 admissa
449 1217 553 1276 merito
580 1236 726 1292 oppressos
754 1218 880 1288 credant,
904 1220 1014 1276 restant
1036 1217 1087 1292 qui
1113 1217 1220 1306 patriae

167 1297 295 1352 amantes
315 1293 380 1351 illos
400 1297 501 1354 acerbo
521 1296 582 1354 sato
602 1297 736 1354 occidisse
755 1315 808 1354 nec
829 1296 890 1354 1111
908 1315 1012 1370 magno
1026 1293 1145 1369 tyranni
1167 1314 1220 1371 op-

167 1375 280 1449 probrio
298 1373 454 1432 trucidatos
468 1375 633 1433 defendant.
673 1377 717 1432 De
732 1375 860 1434 Aluredo
880 1394 971 1450 pauca
991 1378 1123 1432 constant
1142 1375 1221 1432 nihil

167 1452 332 1526 ambigitur,
348 1471 442 1528 neque
461 1463 505 1512 est
525 1473 575 1512 cur
596 1455 757 1528 ambigatur
770 1455 847 1530 apud
864 1458 991 1530 posteros
1011 1455 1061 1529 qui
1081 1471 1140 1510 non
1160 1453 1221 1512 nisi

166 1530 271 1588 defessi
285 1531 472 1607 questionem
486 1533 697 1590 Edvardianam
710 1533 841 1591 relicturi
856 1537 932 1591 sunt.

206 1609 285 1668 Hinc
298 1629 392 1687 neque
411 1611 509 1688 inopia
529 1613 724 1686 exemplorum
738 1612 883 1670 cohibitus
897 1611 939 1669 fui
953 1631 1009 1688 quo
1023 1611 1119 1669 minus
1132 1611 1223 1685 plura

169 1688 354 1760 adducerem3
377 1691 446 1748 satis
460 1691 561 1766 opinor
573 1694 654 1766 patet
666 1690 762 1749 minus
776 1692 931 1767 aequalium
941 1691 1037 1749 valere
1050 1691 1223 1750 testimonia

166 1786 253 1843 quam
277 1768 348 1826 fides
370 1789 402 1827 ac
423 1769 575 1844 diligentia
595 1772 760 1841 auctorum
784 1791 840 1846 quo
861 1770 935 1828 illud
955 1771 1070 1828 videtur
1083 1770 1222 1828 accedere

167 1847 243 1922 quod
256 1847 353 1921 gliscit
367 1849 573 1924 quodammodo
592 1848 787 1923 intelligentia
802 1854 899 1908 nostra
915 1849 1024 1906 sciendi
1039 1847 1220 1918 avidissima,

165 1943 260 2001 nequa
273 1930 358 1984 antea
371 1927 548 2003 acquiescere
567 1930 663 2002 potest
680 1948 768 2004 quam
786 1947 885 1988 causas
900 1929 1042 1986 factorum
1062 1927 1222 1986 dictorum·

167 2024 223 2080 que
250 2006 378 2063 omnium
398 2007 580 2082 aliquatenus
599 2007 796 2082 perspexrrit;
825 2026 919 2082 neque
937 2007 994 2065 alia
1014 2026 1045 2064 re
1071 2025 1221 2082 quaquam

165 2083 298 2142 veritatis
322 2085 414 2143 cultui
438 2085 561 2143 obnoxia
581 2085 616 2142 fit
636 2105 722 2161 quam
740 2085 840 2145 innato
861 2087 923 2163 ejus
950 2084 1100 2144 desiderio.
1144 2085 1220 2150 Quae

166 2183 257 2240 quum
270 2163 313 2222 ita
326 2168 429 2234 essent,
449 2184 486 2222 ne
500 2163 633 2222 Levisius
651 2164 769 2240 quidem
783 2172 940 2242 temperare
955 2164 1010 2224 sibi
1021 2165 1125 2242 quivit,
1144 2165 1221 2239 quin

165 2242 328 2300 tabularum
349 2243 455 2318 quibus
475 2243 612 2301 nimirum
626 2244 779 2302 veritatem
799 2245 861 2302 erui
881 2244 943 2302 sinc
964 2243 1121 2319 aequalium
1136 2244 1220 2302 testi-

166 2320 271 2378 moniis
290 2327 415 2395 negarct,
438 2341 538 2380 causas
558 2341 744 2398 quascunque
764 2330 859 2397 posset
883 2329 1058 2398 suggereret.
1100 2323 1139 2380 In
1159 2342 1219 2398 quo

166 2399 265 2457 mirari
278 2399 348 2458 licet
362 2409 479 2459 novatas
493 2401 755 2475 partesbominum,
768 2403 894 2460 rationes
904 2403 1085 2472 immutatas;
1109 2401 1219 2477 quippe

167 2479 286 2536 timidus
306 2479 357 2537 ille
377 2484 407 2539 11
427 2481 553 2555 prudens
575 2479 711 2548 Livisius,
732 2483 861 2538 omniurn
881 2482 941 2540 fere
965 2480 1148 2556 suspiciosus,
1169 2483 1218 2540 hle

168 2577 279 2615 summa
292 2559 336 2615 uti
338 2567 387 2618 tur
338 2559 526 2617 taudacia
538 2560 685 2616 celerrime
699 2579 761 2617 rem
774 2563 866 2619 totam
885 2560 1029 2634 transigit,
1046 2563 1158 2619 nullam
1175 2562 1218 2618 fa-

166 2636 302 2695 bularum
322 2639 476 2696 discrimen
498 2638 577 2706 facit,
599 2642 812 2714 αἶτιιιλογοῦμενα
836 2643 887 2698 aut
909 2666 984 2716 γενεα
970 2643 1131 2716 αλογοὺμενα
1151 2640 1218 2697 vult

167 2715 271 2774 omnia.
314 2717 484 2776 Sabinarum
505 2722 620 2792 raptum
640 2723 834 2777 commentum
853 2719 940 2792 fingit
959 2722 1003 2776 tot
992 2730 1063 2792 t,um
1084 2719 1217 2778 1110111-

166 2794 295 2853 sualibus
315 2797 425 2854 deesset
413 2796 539 2870 torigo;
563 2816 627 2872 quae
642 2817 728 2856 cansa
748 2817 815 2855 sane
835 2798 917 2855 nulla
930 2801 983 2868 est,
999 2817 1050 2855 our
1064 2800 1143 2856 enim
1155 2799 1218 2856 haeo

166 2874 348 2948 potissimum
366 2875 515 2949 fingebant
534 2874 713 2936 Nicbuhrius
734 2879 833 2935 contra
851 2896 966 2934 oausam
986 2879 1217 2970 qualemcunque

167 2956 198 3010 at
211 2973 325 3010 causam
340 2961 415 3012 certe
430 2954 567 3028 suggerit.
546 2955 694 3013 tAlter
707 2956 771 3014 ideo
785 2956 836 3013 fiot
824 2962 887 3013 tum
905 2960 991 3030 putat
1005 2957 1169 3015 Coriolani
1162 2977 1216 3015 111

167 3037 266 3107 petum
287 3034 323 3090 ab
343 3040 434 3092 matre
455 3033 518 3108 ejus
539 3041 625 3108 atque
646 3054 736 3093 uxore
757 3035 910 3106 diversum,
926 3036 1003 3110 quod
1022 3053 1110 3111 prope
1124 3057 1171 3094 eas
1159 3042 1218 3094 tra

167 3110 310 3168 Coriolani
324 3116 413 3170 staret
400 3113 500 3169 taedas
512 3114 644 3171 Fortunae
657 3114 813 3172 muliebris.
855 3114 986 3171 Concedo
997 3133 1094 3172 veram
1114 3117 1217 3190 templi

167 3190 307 3262 originem
327 3191 412 3249 aliam
433 3191 531 3263 fuisse,
554 3193 604 3249 sed
623 3193 680 3250 nisi
699 3193 780 3250 locus
800 3205 958 3250 castrorum
978 3193 1048 3250 satis
1065 3193 1122 3252 fide
1143 3213 1186 3252 ess
1174 3200 1218 3252 et

165 3269 256 3326 tradit
245 3279 291 3326 tus
317 3289 406 3346 quare
433 3271 507 3328 hano
529 3271 647 3330 unicam
668 3271 807 3345 originem
833 3272 884 3330 fiet
872 3279 937 3330 tura
964 3276 1039 3330 esset
1064 3273 1217 3332 vetustas?

167 3347 870 3426 1111111111111111111111111111111111,1111111111
884 3354 914 3409 11
928 3351 1101 3424 legationem
1110 3357 1216 3410 matro-

165 3446 268 3484 narum
288 3448 385 3486 veram
406 3447 466 3486 1111
487 3429 709 3487 concredamus?
738 3430 841 3506 Neque
860 3429 975 3488 omnino
994 3431 1078 3488 facile
1092 3442 1216 3490 1111111-

161 3505 280 3582 jectare,
297 3508 352 3566 etsi
366 3507 541 3566 constitisset
554 3507 645 3566 aedem
659 3511 816 3566 castrorum
829 3509 891 3568 loco
905 3509 1073 3586 appositam,
1090 3530 1142 3568 cur
1155 3511 1216 3568 sine

166 3589 263 3644 vetere
286 3586 438 3661 legationis
459 3587 596 3644 recordat'
576 3591 652 3644 tione
673 3588 727 3646 hoc
737 3588 867 3724 toriginis
885 3593 1079 3646 commentum
1097 3609 1153 3647 usu
1166 3609 1214 3647 vc-

165 3663 250 3724 ncrit.
286 3665 384 3740 Longe
398 3665 483 3724 aliter
495 3666 524 3723 N
525 3665 675 3723 rebuhrrus
689 3667 750 3742 agit
752 3711 758 3740 ,
772 3667 953 3742 singulorum
963 3685 1062 3725 causas
1075 3669 1212 3742 suggerit,

165 3742 241 3802 nihil
261 3745 422 3818 obscurum,
438 3744 514 3804 nihil
533 3743 699 3804 incuratum
717 3745 796 3820 sinit,
811 3753 846 3806 ut
865 3746 962 3824 quivis
981 3745 1066 3806 facile
1080 3747 1215 3806 concedat
