2594 4108
597 105 606 122 '
639 101 657 165 Β

136 281 193 320 rum
215 261 291 338 apud
305 259 479 339 Dionysium
498 261 594 320 foedus
614 282 681 321 cum
700 262 793 338 primo
810 263 937 324 historie
950 263 1080 324 Livianae
1098 263 1172 323 libro

123 341 285 412 contulerit,
301 339 327 398 is
347 341 486 400 nimirum
499 341 684 400 confitebitur
696 341 772 399 nihil
790 343 943 400 admodum
957 344 1081 415 difficile,
1097 344 1173 403 nihil

123 421 287 491 absurdum,
305 420 382 477 nihil
403 421 550 492 absonum,
572 420 750 497 populariter
768 421 878 480 scilicet
896 442 948 498 pro
967 422 1078 480 ratione
1097 427 1172 482 stare

122 499 313 566 voluntatem,
327 519 421 575 neque
439 500 524 557 valde
537 499 696 558 multorum
709 500 855 558 voluntati
869 501 1012 560 obstantia
1025 502 1172 561 deturbari

123 597 156 637 ea
174 598 239 654 quae
259 598 291 636 re
311 579 388 636 facta
406 579 483 637 inter
495 598 601 655 paucos
617 582 648 638 et
666 579 798 638 veritatis
819 580 991 638 amantiores
1012 579 1081 638 satis
1102 600 1168 638 con·

122 661 220 717 staret.
262 658 304 716 At
327 677 442 716 causam
463 657 567 716 erroris
590 677 649 716 non
671 677 710 716 ex
733 659 822 716 unius
845 659 955 718 Valerii
978 659 1169 718 mendacitate

122 736 305 813 quaerendam
326 756 387 794 esse
406 756 444 794 ex
464 757 497 796 eo
515 741 642 814 apparet,
659 737 738 814 quod
754 737 813 795 late
826 741 935 813 pateat,
950 737 1026 814 quod
1040 739 1169 798 universi

120 817 180 874 fere
201 816 420 890 amplectantus,
443 816 570 891 potuisse
589 835 658 874 vero
678 816 795 875 Livium
815 817 898 874 modo
918 817 1057 875 voluisset
1078 818 1169 875 sinca-

119 895 209 952 ricres
225 894 373 971 aliquanto
394 895 487 952 fontes
507 895 586 953 adire
605 895 708 971 liquet.
750 895 826 954 Nam
846 895 871 952 si
889 895 970 953 nulla
990 896 1170 956 exstitissent

120 975 262 1032 factorum
275 974 406 1048 vestigia,
421 974 498 1032 unde
512 973 613 1032 Tacito
627 973 803 1049 caterisque,
817 978 852 1032 ut
865 993 956 1032 unum
970 973 1064 1031 dicam
1076 975 1170 1034 instar

122 1053 259 1120 omnium,
283 1052 460 1110 innotescere
483 1053 580 1130 potuit
599 1055 701 1111 urbem
724 1054 876 1112 Porsennae
899 1051 1049 1111 deditam?
1076 1073 1169 1129 neque

121 1131 245 1189 stultum
266 1137 309 1192 est
329 1131 453 1202 omnino,
476 1151 567 1208 quum
586 1131 658 1190 talia
683 1135 800 1207 tamque
823 1131 993 1190 verisimilia
1007 1133 1167 1206 tradantur,

120 1217 311 1268 consentanea
323 1209 359 1268 iis
373 1214 451 1269 carta
464 1211 642 1288 conjectandi
656 1211 720 1286 lege
733 1211 894 1286 exquirere,
905 1211 982 1286 quod
996 1229 1064 1269 sane
1077 1211 1171 1271 multo

118 1293 236 1366 praestat
250 1309 337 1366 quam
351 1289 543 1364 discrepantia
556 1289 599 1347 ita
611 1294 645 1348 ut
659 1290 819 1366 accepimus
833 1291 947 1349 referre.
1167 1296 1169 1302 ’

158 1369 253 1425 Immo
263 1367 413 1426 historiam
422 1369 574 1426 Livianam
584 1387 643 1426 non
652 1389 766 1427 omnem
773 1387 811 1426 ex
821 1369 920 1426 eodem
930 1387 1032 1443 genere
1043 1368 1169 1428 fontium

117 1447 252 1506 haustam
271 1467 331 1505 esse
352 1467 384 1506 eo
405 1451 525 1519 constat,
549 1449 626 1522 quod
645 1448 710 1540 ipsq
724 1447 860 1506 narrandi
880 1449 955 1505 ratio
975 1467 1034 1504 non
1058 1467 1171 1522 semper

118 1526 220 1583 iisdem
240 1527 368 1584 numeris
388 1525 455 1584 fluit
474 1528 524 1584 sed
544 1523 699 1602 aliquando
718 1527 825 1585 arctius
843 1526 876 1597 it,
899 1526 1054 1602 aliquando
1074 1528 1169 1585 fusius

117 1605 246 1680 procedit
254 1603 274 1677 Β,
304 1625 395 1680 quum
422 1625 526 1680 magna
552 1606 783 1682 perstringantur
808 1605 943 1676 breviter,
973 1605 1030 1664 alia
1061 1607 1169 1682 quibus

117 1704 220 1759 parum
233 1683 308 1743 effici
321 1685 438 1742 videtur
451 1684 564 1760 prolixe
577 1685 747 1744 scribantur.
785 1684 876 1743 Nulla
890 1685 968 1742 enim
982 1704 1067 1742 causa
1080 1705 1169 1760 appa-

117 1766 163 1820 ret
183 1763 240 1821 alia
261 1783 313 1821 cur
325 1763 387 1822 haec
401 1763 449 1822 vel
469 1764 521 1821 illa
539 1764 661 1839 scriptor
677 1763 775 1840 potius
794 1783 932 1821 exornare
951 1763 1095 1830 statuerit,
1109 1764 1169 1822 nisi

118 1843 195 1917 quod
221 1843 283 1900 haeo
310 1847 411 1901 ornata
437 1843 615 1919 suscepisset,
643 1843 695 1900 illa
721 1843 815 1913 nuda3
846 1845 970 1916 utraque
1002 1847 1099 1900 autem
1125 1843 1170 1902 ita

116 1920 192 1978 tradi
211 1924 378 1996 potuerunt,
393 1922 418 1980 si
431 1941 468 1980 ex
483 1941 516 1979 ea
528 1922 711 1998 potissimum
730 1925 815 1981 aetate
828 1927 963 1996 putemus
976 1921 1167 1992 descendisse,

117 2019 208 2076 quum
221 2000 314 2057 multa
324 2002 496 2074 garriebant,
506 2021 599 2076 pauca
609 2001 764 2077 eademque
772 2000 884 2058 veriora
893 2000 1065 2058 scribebant.
1096 2000 1169 2064 Qui-

116 2080 171 2136 bus
191 2077 319 2154 praefatis
340 2097 486 2138 recensere
506 2079 579 2138 libet
594 2080 758 2138 universam
772 2081 908 2137 Romana
930 2079 1056 2137 historiae
1077 2083 1169 2137 mate-

116 2158 198 2226 riam,
227 2158 467 2234 quemadmodum
492 2159 672 2218 Niebuhrius
701 2159 856 2217 intellexit.
899 2156 998 2217 Credit
1023 2159 1170 2233 imprimis

116 2237 270 2295 Pontifices
291 2236 453 2312 antiquitus
472 2237 600 2296 maxima
620 2257 743 2314 quaeque
765 2236 925 2312 praesertim
949 2237 1081 2312 prodigia
1103 2237 1169 2296 sive

115 2315 230 2390 publice
245 2316 305 2373 sive
318 2316 456 2390 privatim
472 2317 643 2375 accidissent
660 2317 692 2374 in
710 2317 776 2376 albo
788 2317 888 2390 paucis
901 2334 1042 2386 exarasse,
1058 2315 1167 2392 quibus

116 2395 264 2452 accessisse
279 2395 367 2452 fastos
381 2395 570 2470 triumphales
585 2396 812 2472 consularesque.
840 2396 884 2452 De
895 2393 1000 2471 quibus
1014 2395 1168 2454 annalibus

116 2478 227 2532 constat
237 2492 343 2531 morem
352 2473 497 2532 tumultits
508 2475 613 2532 Gallici
623 2475 800 2550 temporibus
811 2474 959 2543 usitatum,
971 2473 1168 2532 Gracchorum

114 2552 293 2628 temporibus
313 2571 330 2610 a
347 2552 381 2618 Q.
398 2555 496 2611 Mucio
510 2554 651 2612 Pontifice
672 2555 817 2624 omissum,
832 2553 909 2610 illud
929 2552 1007 2608 enim
1028 2553 1098 2610 satis
1119 2573 1165 2610 os-

114 2633 210 2690 tendit
224 2632 259 2696 Q.
275 2631 489 2706 Quadrigarius,
506 2633 556 2708 qui
571 2635 606 2691 ab
621 2653 695 2690 anno
707 2632 787 2690 urbis
801 2635 892 2706 captae
906 2650 972 2688 suos
985 2631 1102 2689 annales
1119 2653 1167 2688 or-

115 2711 172 2768 diri
185 2711 319 2769 voluerit.
362 2711 476 2787 Quippe
495 2712 613 2770 nolebat
631 2711 777 2788 superiora
792 2718 929 2786 repetere,
946 2729 1068 2786 quorum
1081 2711 1167 2770 nulla

115 2795 228 2847 exstare
240 2796 425 2848 monumenta
435 2790 555 2858 censuit,
567 2795 597 2849 at
611 2791 679 2848 olim
693 2790 839 2849 exstitisse
852 2790 914 2864 ipse
930 2808 1050 2862 magnus
1064 2799 1168 2847 auctor

102 2877 167 2926 'est
211 2869 304 2933 Quem
317 2876 417 2944 utpote
429 2871 517 2928 nimis
536 2869 718 2928 fastidiosum
736 2869 874 2944 increpat,
890 2888 981 2943 quum
999 2869 1061 2943 ipse
1078 2873 1168 2943 putet

115 2950 181 3006 alba
194 2948 311 3024 quidem
322 2949 443 3024 antiqua
455 2952 539 3026 capta
548 2951 619 3007 urbe
629 2947 791 3023 deperiisse,
801 2967 859 3004 uon
870 2948 948 3004 omni
961 2951 1059 3005 tamen
1069 2967 1169 3005 carere

115 3028 172 3084 fide
192 3027 336 3093 restituta,
358 3028 408 3084 sed
428 3028 516 3086 stiam
536 3027 567 3085 in
587 3027 709 3103 privatis
731 3027 862 3085 domibus
886 3045 950 3102 quae
971 3026 1003 3083 in
1023 3026 1170 3100 Capitolio

116 3111 206 3174 eraut,
229 3125 325 3162 rerum
345 3109 476 3164 veterum
496 3106 624 3182 potuisse
644 3110 830 3164 monumenta
850 3107 925 3164 satis·
940 3104 999 3162 fida
1019 3106 1166 3181 relinqui:

116 3185 227 3260 lquere
250 3185 359 3242 scilicet
382 3185 618 3244 consuetudinem
640 3185 820 3243 laudationes
845 3184 1010 3242 asservandi
1030 3185 1062 3241 in
1083 3193 1170 3242 sexto

116 3265 203 3322 Urbis
224 3264 327 3321 saeoulo
345 3263 407 3339 jam
428 3265 637 3323 exolescentem
653 3283 712 3320 non
729 3264 883 3322 admodum
903 3263 991 3320 fuisse
1010 3268 1168 3331 recentem,

117 3345 224 3418 priscas
244 3362 312 3402 vero
332 3344 510 3402 laudationes
527 3362 587 3401 non
602 3343 672 3401 adeo
689 3346 838 3417 corruptas
858 3361 936 3400 esse:
958 3341 1075 3416 publica
1092 3361 1169 3417 prae-

117 3429 197 3480 terea
216 3423 348 3498 quaedam
368 3430 419 3480 aut
438 3441 588 3499 nunquam
608 3423 712 3480 amissa
730 3429 781 3479 aut
799 3441 910 3479 summa
927 3421 984 3479 fide
998 3440 1030 3478 ae
1043 3422 1172 3479 veritate

116 3501 251 3559 restituta
277 3504 368 3578 ponit,
390 3503 422 3559 in
448 3503 554 3578 quibus
577 3501 687 3559 foedera
713 3499 823 3558 seilicet
850 3500 993 3559 Gabinum
1020 3500 1173 3558 Ardeense

118 3581 261 3639 Punicum
285 3581 423 3641 Latinum
447 3580 607 3640 Hernicum
628 3579 751 3656 aliaque,
775 3598 954 3656 quaecunque
978 3580 1079 3637 Patres
1103 3597 1174 3638 cum

531 3737 543 3773 t
561 3741 616 3792 Lis.
625 3741 651 3792 ii.
664 3743 706 3802 20,
717 3741 760 3794 te.
