2594 4108
632 142 670 202 la

122 295 199 360 inter
217 302 313 375 patres
333 300 420 376 atque
443 299 556 376 plebem
576 299 698 377 patabat
720 297 857 358 interesse
877 318 965 376 quam
990 298 1083 359 etiam'
1099 299 1171 360 alias

123 378 199 436 inter
212 383 323 438 veteres
343 398 376 436 ac
395 399 485 438 novos
505 379 582 441 cives
602 379 754 446 interfuit3
776 377 808 436 id
820 398 888 436 vero
908 384 967 436 tam
982 379 1041 438 late
1058 399 1171 456 serpere

124 456 284 528 discrimen,
304 465 339 516 ut
354 477 503 534 nunquam
523 460 661 516 absonum
682 463 756 516 esset
773 457 836 532 ejus
851 458 1033 533 praesentiam
1051 459 1169 536 fingere,

124 553 218 612 neque
238 537 343 594 mirum
363 557 424 595 esse
444 537 478 607 si,
493 537 570 614 quod
590 537 668 613 apud
687 535 847 594 Bononiam
865 537 1071 612 Coloniamque
1091 543 1121 596 et
1140 537 1173 595 in

123 613 327 674 Helvetiorum
352 615 507 690 montibus,
535 615 664 674 aedificiis
690 614 842 674 annalibus
867 615 980 690 legibus
1006 616 1172 693 recentique

124 693 262 752 memoria
287 695 483 767 testificatum,
508 716 562 754 usu
589 694 722 766 venisset,
746 693 778 751 id
799 693 908 752 Fabius
934 695 1042 770 aliique
1069 694 1172 754 Romae

124 778 426 846 commemoraverunt,
440 794 530 850 quum
549 780 649 850 sponte
667 771 825 850 praesertim
841 773 977 831 Germani
991 772 1041 850 qui
1055 772 1172 832 Livium

6 869 9 942 ζ
35 921 39 927 ¹
124 851 285 928 antiquitus
298 858 496 928 expresserant
508 855 551 911 ita
565 851 824 927 singulavocabula
835 852 1028 910 reddidissent
1041 859 1075 909 ut
1087 853 1172 910 facile

124 935 275 1006 appareret
295 949 357 989 eam
378 933 527 1000 rationem,
550 951 636 1008 quam
658 931 787 990 doctrina
811 951 863 989 sua
885 931 1061 989 Niebuhrius
1085 951 1172 990 excu-

124 1009 215 1074 derat,
230 1027 282 1067 sua
294 1030 404 1068 morum
419 1011 598 1086 experientia
611 1010 765 1086 amplexos.
807 1009 919 1067 Deinde
933 1009 1007 1067 locos
1021 1010 1122 1068 attulit
1136 1031 1174 1069 ex

125 1087 192 1144 Tito
204 1087 287 1146 Livio
301 1089 353 1166 qui
369 1099 475 1166 praeter
489 1110 572 1148 suum
586 1093 636 1147 aut
649 1089 762 1146 nullum
776 1098 826 1146 aut
844 1107 965 1164 pravum
980 1107 1093 1146 sensum
1106 1089 1172 1148 fun-

124 1166 234 1236 derent,
248 1167 279 1224 in
300 1168 403 1245 quibus
423 1169 597 1226 Marciorum
617 1168 762 1225 oraculum
779 1168 854 1225 libro
868 1178 943 1224 xxv⁰
960 1172 990 1226 et
1010 1167 1103 1243 capite
1117 1169 1173 1226 1111ο

125 1245 246 1302 citatum
260 1247 309 1304 hic
322 1249 463 1306 adducere
476 1248 556 1318 libet,
572 1246 622 1304 ubi
636 1245 741 1305 diserte
754 1247 853 1322 plebes
867 1267 884 1304 a
897 1247 1002 1323 populo
1016 1247 1174 1306 secernitur

124 1323 167 1381 ita
180 1329 214 1382 ut
233 1344 316 1382 nemo
332 1347 383 1402 pro
397 1331 479 1402 parte
494 1325 596 1402 populi
616 1326 720 1383 habere
739 1325 829 1401 possit
848 1345 951 1401 nempe
967 1325 1020 1382 “is
1040 1325 1170 1400 praetor'’

124 1402 231 1460 dicitur
245 1409 262 1436 “
272 1405 321 1481 qui
342 1407 448 1480 populo
461 1406 596 1482 plebique
612 1405 661 1480 jus
675 1405 755 1462 dabit
775 1424 917 1462 summum
928 1405 956 1472 ;”
977 1404 1008 1461 id
1021 1404 1109 1462 etiam
1123 1405 1173 1462 ad·

119 1480 240 1556 jicietur
254 1485 329 1560 quod
343 1485 374 1541 in
387 1485 460 1543 libro
474 1489 575 1560 quarto
596 1483 689 1558 capite
707 1483 744 1540 ,lia
756 1483 898 1552 videmus,
912 1503 1001 1559 quum
1016 1483 1172 1542 clarissime

124 1580 175 1618 suo
194 1562 317 1638 quisque
336 1564 420 1620 modo
441 1567 555 1621 senatus
573 1562 670 1637 plebes
691 1561 822 1637 populus,
841 1581 891 1620 suo
912 1563 1034 1638 quisque
1054 1581 1172 1621 munere

123 1639 271 1717 fungatur,
313 1642 420 1700 Scribit
433 1641 543 1699 scilicet
557 1641 640 1699 Titus
653 1641 763 1698 Livius,

166 1719 339 1795 “Principio
367 1720 436 1778 anni
460 1721 576 1778 senatirs
602 1719 764 1778 consultum
785 1723 894 1778 factum
917 1719 979 1778 eat’'
1005 1717 1086 1795 (nam
1110 1719 1171 1778 sine

124 1816 264 1856 consensu
288 1807 317 1857 et
341 1800 544 1858 deliberatione
569 1799 712 1856 seniorum
733 1799 809 1856 nihil
833 1801 870 1856 ad
892 1799 1030 1874 populum
1049 1798 1119 1855 ferri
1139 1799 1171 1856 iu

124 1877 292 1935 civitatibus
313 1878 496 1954 antiquorum
516 1877 559 1936 sas
579 1878 736 1954 habebant)
758 1882 820 1936 “ut
840 1879 875 1936 de
895 1877 1052 1954 quastione
1068 1877 1170 1936 Postu·

125 1955 229 2014 mianae
247 1957 332 2014 caedis
350 1956 460 2014 tribuni
479 1958 570 2032 primo
590 1976 703 2032 quoque
721 1967 849 2031 tempore
869 1957 906 2014 ad
923 1957 1035 2032 plebem
1053 1956 1170 2026 ferrent,

125 2033 279 2111 plebesque
299 2035 457 2111 praeficeret
470 2035 621 2112 quaestioni
640 2055 725 2111 quem
745 2037 843 2094 vellet.
885 2039 912 2093 A
932 2036 1015 2110 plebe
1034 2054 1172 2092 consensa

126 2113 226 2187 populi
240 2114 403 2172 consulibus
416 2115 564 2189 negotium
574 2113 912 2191 mandatur.”—Quippe
922 2113 996 2171 nihil
1006 2114 1038 2170 in
1049 2113 1172 2188 simplici

126 2191 290 2266 reipublicae
317 2194 408 2250 forma
432 2197 537 2269 praeter
563 2213 708 2252 assensum
733 2195 834 2270 populi
858 2214 929 2269 opus
956 2193 1067 2265 fuisset,
1095 2212 1173 2251 nunc

125 2282 222 2328 autem
245 2277 393 2348 postquam
422 2272 537 2330 aliunde
560 2273 658 2349 plebes
682 2271 850 2342 effluxisset,
874 2273 926 2330 illa
953 2291 1064 2350 quoque
1089 2291 1173 2330 suum

125 2367 272 2410 assensum
285 2353 439 2426 praebebat,
454 2351 505 2428 qui
519 2357 582 2410 tum
597 2353 710 2410 demum
724 2355 803 2410 ratus
821 2355 896 2410 esset
913 2351 1028 2409 futurus
1041 2349 1093 2408 ubi
1106 2371 1172 2409 con·

125 2430 261 2489 sensisset
279 2430 412 2506 populus,
437 2438 469 2488 ut
491 2431 574 2507 plebe
596 2431 694 2506 major,
715 2431 758 2490 ita
779 2435 880 2488 senatu
903 2431 1004 2488 minor.
1046 2430 1121 2488 Haec
1139 2433 1174 2488 ut

125 2506 158 2565 in
179 2510 260 2568 brevi
279 2509 405 2566 oratione
426 2510 547 2567 fortasse
569 2510 747 2568 satisfacient
768 2510 909 2583 exempla,
928 2510 998 2567 licet
1018 2509 1103 2582 plura
1123 2509 1172 2566 ad·

125 2587 244 2647 duxisse
264 2588 348 2646 facile
366 2589 478 2658 fuisset,
497 2608 561 2665 quae
579 2589 672 2646 eidem
692 2588 797 2648 rationi
815 2587 884 2646 satis
902 2587 1088 2664 probabiliter
1107 2607 1173 2645 con·

125 2669 268 2726 sentirent
280 2687 372 2744 neque
385 2671 481 2726 tamen
499 2668 580 2725 illam
594 2687 688 2743 perse
706 2668 866 2726 luculenter
879 2668 1053 2724 evincerent.
1095 2667 1172 2724 Prae·

126 2749 185 2804 stat
203 2746 295 2822 igitur
315 2746 490 2822 objectiones
509 2747 659 2805 sublevare
676 2768 762 2824 quam
781 2747 978 2823 probationem
997 2746 1173 2804 extrahendo

125 2835 290 2884 enervatam
303 2826 405 2884 facere.

166 2904 246 2962 Nam
267 2905 324 2961 dici
346 2923 414 2962 sane
436 2908 531 2981 potest
544 2904 661 2963 Livium
684 2905 738 2963 hoo
758 2904 851 2979 plebis
865 2903 1007 2980 etpopuli
1020 2902 1173 2961 discrimen

127 2984 212 3060 plane
239 2982 392 3057 ignouisse,
419 3004 512 3060 neque
542 2985 722 3042 scientibrem
748 2986 837 3042 l‘uisse
866 2983 1050 3060 Dionysium,
1078 2982 1174 3057 ipsum

126 3061 250 3138 denique
263 3062 395 3135 Dionem,
412 3064 457 3140 cuj
462 3084 495 3121 us
508 3063 673 3121 auctoritati
685 3068 800 3122 tantum
816 3063 969 3135 tribuatur,
986 3063 1021 3120 de
1035 3069 1175 3139 δημάρχοις

50 3161 52 3166 ’
128 3161 239 3216 semper
252 3141 342 3216 loqui,
356 3147 385 3200 et
399 3143 424 3200 si
437 3143 560 3200 Fabium
574 3142 615 3200 ita
633 3162 693 3200 esse
710 3145 841 3200 secutum
861 3141 1032 3200 concesseris
1045 3146 1088 3209 ut,
1103 3141 1173 3216 qud·

128 3239 241 3294 cunque
256 3219 434 3278 Niebuhrius
447 3220 586 3278 voluisset
598 3222 710 3297 plebem
724 3223 828 3294 legere,
842 3222 889 3280 vel
909 3225 1009 3294 πλῆθος
1021 3221 1070 3278 vel
1083 3225 1175 3295 ὅμιλον

127 3299 282 3374 scripserit,
306 3317 478 3376 quacunque
499 3303 596 3357 antem
617 3299 667 3357 ille
689 3301 829 3375 populum
851 3300 991 3358 voluisset
1014 3305 1101 3374 δῆμον,
1124 3319 1174 3357 ne·
1273 3311 1278 3319 “

127 3396 204 3436 cesse
217 3380 314 3436 tamen
337 3397 397 3436 esse
418 3379 534 3438 t'atearis
557 3399 623 3436 eum
647 3387 698 3437 aut
721 3399 801 3436 suam
822 3379 914 3454 ipsius
935 3379 1073 3437 eximiam
1099 3378 1175 3455 sapi-

128 3457 238 3514 entiam
251 3457 377 3514 modeste
391 3457 656 3526 dissimulassem,
672 3459 749 3533 quod
762 3459 846 3516 valde
865 3460 972 3515 mirum
991 3462 1065 3516 esset
1082 3459 1174 3516 nesci-

127 3535 192 3608 isse,
216 3536 323 3612 quippe
344 3538 395 3612 qui
415 3537 543 3612 priorum
563 3555 671 3594 errores
691 3540 798 3595 taceret
817 3537 888 3594 dum
908 3536 1080 3611 corrigeret3
1109 3555 1174 3610 quae

127 3619 233 3676 cuncta
255 3635 323 3672 vera
346 3634 406 3674 esse
427 3615 502 3673 nihil
522 3615 657 3692 equidem
677 3634 780 3685 moror,
805 3614 997 3690 nequeenim
1019 3615 1176 3672 Niebuhrii

127 3693 243 3773 placitis
270 3694 352 3752 valde
379 3695 576 3752 adversantur.
616 3694 730 3770 Quippe
757 3697 869 3752 constat
887 3693 1087 3752 institutorum
1109 3712 1174 3768 quar

126 3795 183 3836 usu
197 3777 267 3856 sunt
279 3773 394 3834 exoleta
403 3775 519 3834 brevem
528 3792 589 3832 esse
602 3772 835 3846 recordationem,
846 3773 923 3848 quod
936 3772 997 3848 ipse
1011 3771 1041 3829 in
1055 3771 1176 3832 urbibus

628 3871 646 3912 s
660 3857 679 3912 4
