<?xml version="1.0" encoding="UTF-8"?>
<!DOCTYPE html PUBLIC "-//W3C//DTD XHTML 1.0 Transitional//EN"
    "http://www.w3.org/TR/xhtml1/DTD/xhtml1-transitional.dtd">
<html xmlns="http://www.w3.org/1999/xhtml" xml:lang="en" lang="en">
 <head>
  <title>
</title>
<meta http-equiv="Content-Type" content="text/html;charset=utf-8" />
  <meta name='ocr-system' content='tesseract 3.04.00' />
  <meta name='ocr-capabilities' content='ocr_page ocr_carea ocr_par ocr_line ocrx_word'/>
</head>
<body>
  <div class='ocr_page' id='page_1' title='image "./deniebuhriimeri00simcgoog_0026.png"; bbox 0 0 2594 4108; ppageno 0'>
   <div class='ocr_carea' id='block_1_1' title="bbox 593 87 629 144">
    <p class='ocr_par' dir='ltr' id='par_1_1' title="bbox 593 87 629 144">
     <span class='ocr_line' id='line_1_1' title="bbox 593 87 629 144; baseline -0.056 0"><span class='ocrx_word' id='word_1_1' title='bbox 593 87 629 144; x_wconf 81' lang='lat'><strong>21</strong></span> 
     </span>
    </p>
   </div>
   <div class='ocr_carea' id='block_1_2' title="bbox 79 235 1139 3714">
    <p class='ocr_par' dir='ltr' id='par_1_2' title="bbox 79 235 1137 2349">
     <span class='ocr_line' id='line_1_2' title="bbox 79 235 1134 314; baseline 0.001 -19"><span class='ocrx_word' id='word_1_2' title='bbox 79 236 163 314; x_wconf 91' lang='lat' dir='ltr'><strong>quod</strong></span> <span class='ocrx_word' id='word_1_3' title='bbox 176 235 224 295; x_wconf 93' lang='lat' dir='ltr'><strong>hic</strong></span> <span class='ocrx_word' id='word_1_4' title='bbox 238 239 289 295; x_wconf 87' lang='lat' dir='ltr'><strong>aut</strong></span> <span class='ocrx_word' id='word_1_5' title='bbox 301 257 369 296; x_wconf 90' lang='lat' dir='ltr'><strong>vera</strong></span> <span class='ocrx_word' id='word_1_6' title='bbox 387 237 514 299; x_wconf 86' lang='lat' dir='ltr'><strong>effecerit</strong></span> <span class='ocrx_word' id='word_1_7' title='bbox 531 243 583 300; x_wconf 86' lang='lat' dir='ltr'><strong>aut</strong></span> <span class='ocrx_word' id='word_1_8' title='bbox 600 240 702 298; x_wconf 84' lang='lat' dir='ltr'><strong>saltem</strong></span> <span class='ocrx_word' id='word_1_9' title='bbox 715 238 778 299; x_wconf 76' lang='lat' dir='ltr'><strong>reri</strong></span> <span class='ocrx_word' id='word_1_10' title='bbox 791 238 905 307; x_wconf 79' lang='lat' dir='ltr'><strong>similia,</strong></span> <span class='ocrx_word' id='word_1_11' title='bbox 918 237 968 298; x_wconf 92' lang='lat' dir='ltr'><strong>ille</strong></span> <span class='ocrx_word' id='word_1_12' title='bbox 987 237 1061 296; x_wconf 89' lang='lat' dir='ltr'><strong>nihil</strong></span> <span class='ocrx_word' id='word_1_13' title='bbox 1075 237 1134 296; x_wconf 88' lang='lat' dir='ltr'><strong>fere</strong></span> 
     </span>
     <span class='ocr_line' id='line_1_3' title="bbox 80 316 1134 396; baseline 0.003 -23"><span class='ocrx_word' id='word_1_14' title='bbox 80 316 241 393; x_wconf 87' lang='lat' dir='ltr'><strong>protulerit</strong></span> <span class='ocrx_word' id='word_1_15' title='bbox 266 317 313 375; x_wconf 91' lang='lat' dir='ltr'><strong>cui</strong></span> <span class='ocrx_word' id='word_1_16' title='bbox 340 318 417 376; x_wconf 86' lang='lat' dir='ltr'><strong>credi</strong></span> <span class='ocrx_word' id='word_1_17' title='bbox 442 319 541 394; x_wconf 89' lang='lat' dir='ltr'><strong>possit.</strong></span> <span class='ocrx_word' id='word_1_18' title='bbox 583 319 673 396; x_wconf 80' lang='lat' dir='ltr'><strong>Cujus</strong></span> <span class='ocrx_word' id='word_1_19' title='bbox 695 323 757 378; x_wconf 85' lang='lat' dir='ltr'><strong>tam</strong></span> <span class='ocrx_word' id='word_1_20' title='bbox 779 317 913 378; x_wconf 90' lang='lat' dir='ltr'><strong>immanis</strong></span> <span class='ocrx_word' id='word_1_21' title='bbox 936 317 1134 392; x_wconf 72' lang='lat' dir='ltr'><strong>discrepantiae</strong></span> 
     </span>
     <span class='ocr_line' id='line_1_4' title="bbox 82 396 1136 475; baseline 0.001 -22"><span class='ocrx_word' id='word_1_22' title='bbox 82 414 174 453; x_wconf 85' lang='lat' dir='ltr'><strong>causa</strong></span> <span class='ocrx_word' id='word_1_23' title='bbox 185 414 243 452; x_wconf 91' lang='lat' dir='ltr'><strong>non</strong></span> <span class='ocrx_word' id='word_1_24' title='bbox 256 401 300 454; x_wconf 90' lang='lat' dir='ltr'><strong>est</strong></span> <span class='ocrx_word' id='word_1_25' title='bbox 313 396 437 472; x_wconf 89' lang='lat' dir='ltr'><strong>amplius</strong></span> <span class='ocrx_word' id='word_1_26' title='bbox 450 399 613 475; x_wconf 74' lang='lat' dir='ltr'><strong>repetenda.</strong></span> <span class='ocrx_word' id='word_1_27' title='bbox 655 399 704 456; x_wconf 88' lang='lat' dir='ltr'><strong>Ex</strong></span> <span class='ocrx_word' id='word_1_28' title='bbox 720 397 780 456; x_wconf 84' lang='lat' dir='ltr'><strong>suis</strong></span> <span class='ocrx_word' id='word_1_29' title='bbox 800 397 877 455; x_wconf 89' lang='lat' dir='ltr'><strong>enim</strong></span> <span class='ocrx_word' id='word_1_30' title='bbox 894 396 1045 472; x_wconf 90' lang='lat' dir='ltr'><strong>principiis</strong></span> <span class='ocrx_word' id='word_1_31' title='bbox 1058 399 1136 454; x_wconf 89' lang='lat' dir='ltr'><strong>uter·</strong></span> 
     </span>
     <span class='ocr_line' id='line_1_5' title="bbox 82 475 1134 554; baseline 0.004 -24"><span class='ocrx_word' id='word_1_32' title='bbox 82 493 144 549; x_wconf 91' lang='lat' dir='ltr'><strong>que</strong></span> <span class='ocrx_word' id='word_1_33' title='bbox 157 493 221 549; x_wconf 80' lang='lat' dir='ltr'><strong>quae</strong></span> <span class='ocrx_word' id='word_1_34' title='bbox 238 475 318 533; x_wconf 85' lang='lat' dir='ltr'><strong>nuda</strong></span> <span class='ocrx_word' id='word_1_35' title='bbox 336 484 488 551; x_wconf 77' lang='lat' dir='ltr'>exceperat</span> <span class='ocrx_word' id='word_1_36' title='bbox 505 497 605 536; x_wconf 85' lang='lat' dir='ltr'><strong>ornare</strong></span> <span class='ocrx_word' id='word_1_37' title='bbox 625 482 712 554; x_wconf 90' lang='lat' dir='ltr'><strong>atque</strong></span> <span class='ocrx_word' id='word_1_38' title='bbox 733 477 861 535; x_wconf 80' lang='lat' dir='ltr'>excolere</span> <span class='ocrx_word' id='word_1_39' title='bbox 873 476 1047 545; x_wconf 81' lang='lat' dir='ltr'><strong>instituerat,</strong></span> <span class='ocrx_word' id='word_1_40' title='bbox 1070 494 1134 550; x_wconf 81' lang='lat' dir='ltr'><strong>quae</strong></span> 
     </span>
     <span class='ocr_line' id='line_1_6' title="bbox 82 553 1135 630; baseline 0.003 -21"><span class='ocrx_word' id='word_1_41' title='bbox 82 556 220 612; x_wconf 85' lang='lat' dir='ltr'><strong>secutura</strong></span> <span class='ocrx_word' id='word_1_42' title='bbox 239 555 362 613; x_wconf 80' lang='lat' dir='ltr'><strong>fuissent</strong></span> <span class='ocrx_word' id='word_1_43' title='bbox 383 574 421 613; x_wconf 90' lang='lat' dir='ltr'><strong>ex</strong></span> <span class='ocrx_word' id='word_1_44' title='bbox 440 556 555 616; x_wconf 89' lang='lat' dir='ltr'><strong>traditis</strong></span> <span class='ocrx_word' id='word_1_45' title='bbox 577 557 751 627; x_wconf 89' lang='lat' dir='ltr'><strong>deducendo,</strong></span> <span class='ocrx_word' id='word_1_46' title='bbox 771 556 855 613; x_wconf 92' lang='lat' dir='ltr'><strong>modo</strong></span> <span class='ocrx_word' id='word_1_47' title='bbox 874 559 938 613; x_wconf 84' lang='lat' dir='ltr'><strong>rata</strong></span> <span class='ocrx_word' id='word_1_48' title='bbox 958 559 1056 628; x_wconf 86' lang='lat' dir='ltr'><strong>essent</strong></span> <span class='ocrx_word' id='word_1_49' title='bbox 1071 553 1135 630; x_wconf 85' lang='lat' dir='ltr'><strong>ipsa</strong></span> 
     </span>
     <span class='ocr_line' id='line_1_7' title="bbox 81 630 1135 711; baseline 0.003 -23"><span class='ocrx_word' id='word_1_50' title='bbox 81 630 238 707; x_wconf 83' lang='lat' dir='ltr'><strong>principia.</strong></span> <span class='ocrx_word' id='word_1_51' title='bbox 281 633 340 692; x_wconf 88' lang='lat' dir='ltr'><strong>Hic</strong></span> <span class='ocrx_word' id='word_1_52' title='bbox 364 638 459 693; x_wconf 87' lang='lat' dir='ltr'><strong>autem</strong></span> <span class='ocrx_word' id='word_1_53' title='bbox 482 639 546 695; x_wconf 87' lang='lat' dir='ltr'><strong>rata</strong></span> <span class='ocrx_word' id='word_1_54' title='bbox 566 636 669 695; x_wconf 88' lang='lat' dir='ltr'><strong>habuit</strong></span> <span class='ocrx_word' id='word_1_55' title='bbox 688 634 830 711; x_wconf 88' lang='lat' dir='ltr'><strong>principia</strong></span> <span class='ocrx_word' id='word_1_56' title='bbox 850 654 888 692; x_wconf 84' lang='lat' dir='ltr'><strong>ex</strong></span> <span class='ocrx_word' id='word_1_57' title='bbox 906 632 1135 708; x_wconf 84' lang='lat' dir='ltr'><strong>diligentissimis</strong></span> 
     </span>
     <span class='ocr_line' id='line_1_8' title="bbox 82 711 1135 788; baseline 0.003 -21"><span class='ocrx_word' id='word_1_58' title='bbox 82 711 252 770; x_wconf 85' lang='lat' dir='ltr'><strong>auctoribus</strong></span> <span class='ocrx_word' id='word_1_59' title='bbox 275 722 405 772; x_wconf 85' lang='lat' dir='ltr'><strong>accurate</strong></span> <span class='ocrx_word' id='word_1_60' title='bbox 428 715 533 773; x_wconf 82' lang='lat' dir='ltr'><strong>collata</strong></span> <span class='ocrx_word' id='word_1_61' title='bbox 556 715 664 773; x_wconf 83' lang='lat' dir='ltr'><strong>innexa</strong></span> <span class='ocrx_word' id='word_1_62' title='bbox 687 714 825 788; x_wconf 85' lang='lat' dir='ltr'><strong>ordinata,</strong></span> <span class='ocrx_word' id='word_1_63' title='bbox 849 715 900 772; x_wconf 90' lang='lat' dir='ltr'><strong>ille</strong></span> <span class='ocrx_word' id='word_1_64' title='bbox 927 717 1027 771; x_wconf 87' lang='lat' dir='ltr'><strong>contra</strong></span> <span class='ocrx_word' id='word_1_65' title='bbox 1052 712 1135 770; x_wconf 86' lang='lat' dir='ltr'><strong>irrita</strong></span> 
     </span>
     <span class='ocr_line' id='line_1_9' title="bbox 82 788 1136 870; baseline 0.003 -25"><span class='ocrx_word' id='word_1_66' title='bbox 82 788 190 846; x_wconf 84' lang='lat' dir='ltr'><strong>habuit</strong></span> <span class='ocrx_word' id='word_1_67' title='bbox 203 791 240 848; x_wconf 84' lang='lat' dir='ltr'><strong>ad</strong></span> <span class='ocrx_word' id='word_1_68' title='bbox 252 791 391 867; x_wconf 86' lang='lat' dir='ltr'><strong>placitum</strong></span> <span class='ocrx_word' id='word_1_69' title='bbox 404 794 532 870; x_wconf 88' lang='lat' dir='ltr'><strong>undiquc</strong></span> <span class='ocrx_word' id='word_1_70' title='bbox 545 793 635 852; x_wconf 88' lang='lat' dir='ltr'><strong>ascita</strong></span> <span class='ocrx_word' id='word_1_71' title='bbox 651 794 732 853; x_wconf 92' lang='lat' dir='ltr'><strong>nullo</strong></span> <span class='ocrx_word' id='word_1_72' title='bbox 748 793 856 859; x_wconf 82' lang='lat' dir='ltr'><strong>ordine,</strong></span> <span class='ocrx_word' id='word_1_73' title='bbox 869 792 951 850; x_wconf 89' lang='lat' dir='ltr'><strong>nulla</strong></span> <span class='ocrx_word' id='word_1_74' title='bbox 964 793 1027 865; x_wconf 87' lang='lat' dir='ltr'><strong>lege</strong></span> <span class='ocrx_word' id='word_1_75' title='bbox 1041 791 1136 866; x_wconf 88' lang='lat' dir='ltr'><strong>operis</strong></span> 
     </span>
     <span class='ocr_line' id='line_1_10' title="bbox 84 868 1135 947; baseline 0.003 -23"><span class='ocrx_word' id='word_1_76' title='bbox 84 868 226 938; x_wconf 85' lang='lat' dir='ltr'><strong>adhibita,</strong></span> <span class='ocrx_word' id='word_1_77' title='bbox 242 870 325 928; x_wconf 91' lang='lat' dir='ltr'><strong>nulla</strong></span> <span class='ocrx_word' id='word_1_78' title='bbox 343 891 438 930; x_wconf 90' lang='lat' dir='ltr'><strong>rerum</strong></span> <span class='ocrx_word' id='word_1_79' title='bbox 457 872 538 940; x_wconf 87' lang='lat' dir='ltr'><strong>serie,</strong></span> <span class='ocrx_word' id='word_1_80' title='bbox 551 872 632 932; x_wconf 92' lang='lat' dir='ltr'><strong>nullo</strong></span> <span class='ocrx_word' id='word_1_81' title='bbox 652 893 731 932; x_wconf 86' lang='lat' dir='ltr'><strong>nexu</strong></span> <span class='ocrx_word' id='word_1_82' title='bbox 747 872 883 947; x_wconf 86' lang='lat' dir='ltr'><strong>partium,</strong></span> <span class='ocrx_word' id='word_1_83' title='bbox 897 871 1003 947; x_wconf 88' lang='lat' dir='ltr'><strong>quippe</strong></span> <span class='ocrx_word' id='word_1_84' title='bbox 1022 889 1055 927; x_wconf 88' lang='lat' dir='ltr'><strong>ea</strong></span> <span class='ocrx_word' id='word_1_85' title='bbox 1071 876 1135 928; x_wconf 90' lang='lat' dir='ltr'><strong>tan-</strong></span> 
     </span>
     <span class='ocr_line' id='line_1_11' title="bbox 84 948 1134 1021; baseline 0.002 -17"><span class='ocrx_word' id='word_1_86' title='bbox 84 949 152 1004; x_wconf 90' lang='lat' dir='ltr'><strong>tum</strong></span> <span class='ocrx_word' id='word_1_87' title='bbox 165 951 368 1021; x_wconf 84' lang='lat' dir='ltr'><strong>spectabantur</strong></span> <span class='ocrx_word' id='word_1_88' title='bbox 380 951 458 1009; x_wconf 88' lang='lat' dir='ltr'><strong>utin</strong></span> <span class='ocrx_word' id='word_1_89' title='bbox 472 951 603 1010; x_wconf 89' lang='lat' dir='ltr'><strong>omnibus</strong></span> <span class='ocrx_word' id='word_1_90' title='bbox 617 956 732 1012; x_wconf 85' lang='lat' dir='ltr'><strong>senatus</strong></span> <span class='ocrx_word' id='word_1_91' title='bbox 748 952 895 1010; x_wconf 84' lang='lat' dir='ltr'><strong>Romanus</strong></span> <span class='ocrx_word' id='word_1_92' title='bbox 908 948 1134 1008; x_wconf 87' lang='lat' dir='ltr'><strong>honorificentis-</strong></span> 
     </span>
     <span class='ocr_line' id='line_1_12' title="bbox 84 1023 1136 1108; baseline 0.002 -25"><span class='ocrx_word' id='word_1_93' title='bbox 84 1023 159 1083; x_wconf 87' lang='lat' dir='ltr'><strong>sime</strong></span> <span class='ocrx_word' id='word_1_94' title='bbox 169 1027 380 1100; x_wconf 85' lang='lat' dir='ltr'><strong>praedicaretur,</strong></span> <span class='ocrx_word' id='word_1_95' title='bbox 390 1033 519 1105; x_wconf 88' lang='lat' dir='ltr'><strong>potentia</strong></span> <span class='ocrx_word' id='word_1_96' title='bbox 527 1031 559 1088; x_wconf 89' lang='lat' dir='ltr'><strong>in</strong></span> <span class='ocrx_word' id='word_1_97' title='bbox 569 1032 662 1108; x_wconf 84' lang='lat' dir='ltr'><strong>majus</strong></span> <span class='ocrx_word' id='word_1_98' title='bbox 672 1031 822 1090; x_wconf 88' lang='lat' dir='ltr'><strong>tolleretur</strong></span> <span class='ocrx_word' id='word_1_99' title='bbox 830 1032 1136 1103; x_wconf 87' lang='lat' dir='ltr'><strong>Romanorum,partes</strong></span> 
     </span>
     <span class='ocr_line' id='line_1_13' title="bbox 85 1105 1135 1186; baseline 0.001 -24"><span class='ocrx_word' id='word_1_100' title='bbox 85 1105 281 1180; x_wconf 88' lang='lat' dir='ltr'><strong>optimatium,</strong></span> <span class='ocrx_word' id='word_1_101' title='bbox 296 1125 367 1182; x_wconf 85' lang='lat' dir='ltr'><strong>quae</strong></span> <span class='ocrx_word' id='word_1_102' title='bbox 380 1111 509 1186; x_wconf 86' lang='lat' dir='ltr'><strong>putabat,</strong></span> <span class='ocrx_word' id='word_1_103' title='bbox 523 1109 710 1169; x_wconf 84' lang='lat' dir='ltr'><strong>laudarentur</strong></span> <span class='ocrx_word' id='word_1_104' title='bbox 722 1117 772 1169; x_wconf 88' lang='lat' dir='ltr'><strong>aut</strong></span> <span class='ocrx_word' id='word_1_105' title='bbox 790 1111 841 1169; x_wconf 91' lang='lat' dir='ltr'><strong>ubi</strong></span> <span class='ocrx_word' id='word_1_106' title='bbox 857 1107 970 1168; x_wconf 85' lang='lat' dir='ltr'><strong>laudari</strong></span> <span class='ocrx_word' id='word_1_107' title='bbox 983 1106 1135 1184; x_wconf 90' lang='lat' dir='ltr'><strong>nequirent</strong></span> 
     </span>
     <span class='ocr_line' id='line_1_14' title="bbox 85 1183 1135 1264; baseline 0.001 -24"><span class='ocrx_word' id='word_1_108' title='bbox 85 1183 248 1256; x_wconf 88' lang='lat' dir='ltr'><strong>graviorem</strong></span> <span class='ocrx_word' id='word_1_109' title='bbox 263 1205 376 1245; x_wconf 90' lang='lat' dir='ltr'><strong>omnem</strong></span> <span class='ocrx_word' id='word_1_110' title='bbox 389 1189 639 1262; x_wconf 87' lang='lat' dir='ltr'><strong>reprehensionem</strong></span> <span class='ocrx_word' id='word_1_111' title='bbox 653 1191 822 1263; x_wconf 88' lang='lat' dir='ltr'><strong>effugerent,</strong></span> <span class='ocrx_word' id='word_1_112' title='bbox 834 1189 985 1264; x_wconf 87' lang='lat' dir='ltr'><strong>populares</strong></span> <span class='ocrx_word' id='word_1_113' title='bbox 999 1185 1135 1244; x_wconf 89' lang='lat' dir='ltr'><strong>continua</strong></span> 
     </span>
     <span class='ocr_line' id='line_1_15' title="bbox 85 1261 1135 1344; baseline 0.004 -26"><span class='ocrx_word' id='word_1_114' title='bbox 85 1261 283 1337; x_wconf 80' lang='lat' dir='ltr'><strong>increpatione</strong></span> <span class='ocrx_word' id='word_1_115' title='bbox 296 1264 511 1326; x_wconf 82' lang='lat' dir='ltr'><strong>lacesserentur.</strong></span> <span class='ocrx_word' id='word_1_116' title='bbox 532 1267 666 1343; x_wconf 84' lang='lat' dir='ltr'><strong>Namque</strong></span> <span class='ocrx_word' id='word_1_117' title='bbox 679 1269 766 1340; x_wconf 86' lang='lat' dir='ltr'><strong>volet,</strong></span> <span class='ocrx_word' id='word_1_118' title='bbox 780 1268 888 1344; x_wconf 91' lang='lat' dir='ltr'><strong>opinor,</strong></span> <span class='ocrx_word' id='word_1_119' title='bbox 901 1285 984 1323; x_wconf 91' lang='lat' dir='ltr'><strong>nemo</strong></span> <span class='ocrx_word' id='word_1_120' title='bbox 997 1264 1034 1322; x_wconf 89' lang='lat' dir='ltr'><strong>iis</strong></span> <span class='ocrx_word' id='word_1_121' title='bbox 1046 1265 1135 1322; x_wconf 90' lang='lat' dir='ltr'><strong>fidere</strong></span> 
     </span>
     <span class='ocr_line' id='line_1_16' title="bbox 87 1342 1136 1422; baseline 0.002 -24"><span class='ocrx_word' id='word_1_122' title='bbox 87 1359 154 1415; x_wconf 81' lang='lat' dir='ltr'><strong>quae</strong></span> <span class='ocrx_word' id='word_1_123' title='bbox 168 1343 203 1399; x_wconf 91' lang='lat' dir='ltr'><strong>de</strong></span> <span class='ocrx_word' id='word_1_124' title='bbox 216 1342 315 1402; x_wconf 85' lang='lat' dir='ltr'><strong>Fabiis</strong></span> <span class='ocrx_word' id='word_1_125' title='bbox 328 1345 439 1404; x_wconf 87' lang='lat' dir='ltr'><strong>duabus</strong></span> <span class='ocrx_word' id='word_1_126' title='bbox 453 1351 483 1404; x_wconf 88' lang='lat' dir='ltr'><strong>et</strong></span> <span class='ocrx_word' id='word_1_127' title='bbox 496 1346 560 1421; x_wconf 88' lang='lat' dir='ltr'><strong>lege</strong></span> <span class='ocrx_word' id='word_1_128' title='bbox 572 1347 686 1405; x_wconf 87' lang='lat' dir='ltr'><strong>Licinia</strong></span> <span class='ocrx_word' id='word_1_129' title='bbox 698 1348 836 1422; x_wconf 85' lang='lat' dir='ltr'><strong>leguntur</strong></span> <span class='ocrx_word' id='word_1_130' title='bbox 849 1345 925 1420; x_wconf 87' lang='lat' dir='ltr'><strong>apud</strong></span> <span class='ocrx_word' id='word_1_131' title='bbox 943 1343 1070 1411; x_wconf 88' lang='lat' dir='ltr'><strong>Livium,</strong></span> <span class='ocrx_word' id='word_1_132' title='bbox 1084 1351 1136 1401; x_wconf 89' lang='lat' dir='ltr'><strong>aut</strong></span> 
     </span>
     <span class='ocr_line' id='line_1_17' title="bbox 85 1419 1135 1501; baseline 0.002 -24"><span class='ocrx_word' id='word_1_133' title='bbox 85 1419 220 1479; x_wconf 85' lang='lat' dir='ltr'><strong>Marcum</strong></span> <span class='ocrx_word' id='word_1_134' title='bbox 238 1422 382 1481; x_wconf 85' lang='lat' dir='ltr'><strong>Manlium</strong></span> <span class='ocrx_word' id='word_1_135' title='bbox 398 1425 493 1501; x_wconf 81' lang='lat' dir='ltr'><strong>Appio</strong></span> <span class='ocrx_word' id='word_1_136' title='bbox 506 1426 676 1484; x_wconf 86' lang='lat' dir='ltr'><strong>Decemviro</strong></span> <span class='ocrx_word' id='word_1_137' title='bbox 693 1425 903 1485; x_wconf 77' lang='lat' dir='ltr'><strong>sceleratiorem</strong></span> <span class='ocrx_word' id='word_1_138' title='bbox 923 1423 1029 1481; x_wconf 84' lang='lat' dir='ltr'><strong>credet.</strong></span> <span class='ocrx_word' id='word_1_139' title='bbox 1072 1422 1135 1488; x_wconf 82' lang='lat' dir='ltr'><strong>Quo</strong></span> 
     </span>
     <span class='ocr_line' id='line_1_18' title="bbox 85 1500 1136 1580; baseline 0.002 -23"><span class='ocrx_word' id='word_1_140' title='bbox 85 1500 196 1558; x_wconf 84' lang='lat' dir='ltr'><strong>factum</strong></span> <span class='ocrx_word' id='word_1_141' title='bbox 217 1507 262 1559; x_wconf 87' lang='lat' dir='ltr'><strong>cst</strong></span> <span class='ocrx_word' id='word_1_142' title='bbox 282 1502 366 1559; x_wconf 91' lang='lat' dir='ltr'><strong>utin</strong></span> <span class='ocrx_word' id='word_1_143' title='bbox 387 1502 508 1562; x_wconf 91' lang='lat' dir='ltr'><strong>historia</strong></span> <span class='ocrx_word' id='word_1_144' title='bbox 528 1504 650 1564; x_wconf 88' lang='lat' dir='ltr'><strong>Liviana</strong></span> <span class='ocrx_word' id='word_1_145' title='bbox 665 1505 696 1563; x_wconf 94' lang='lat' dir='ltr'><strong>id</strong></span> <span class='ocrx_word' id='word_1_146' title='bbox 717 1523 827 1580; x_wconf 88' lang='lat' dir='ltr'><strong>semper</strong></span> <span class='ocrx_word' id='word_1_147' title='bbox 841 1509 969 1562; x_wconf 88' lang='lat' dir='ltr'><strong>occurrat</strong></span> <span class='ocrx_word' id='word_1_148' title='bbox 984 1509 1136 1578; x_wconf 85' lang='lat' dir='ltr'><strong>“quonam</strong></span> 
     </span>
     <span class='ocr_line' id='line_1_19' title="bbox 86 1579 1132 1660; baseline 0.002 -24"><span class='ocrx_word' id='word_1_149' title='bbox 86 1579 142 1636; x_wconf 91' lang='lat' dir='ltr'><strong>hoo</strong></span> <span class='ocrx_word' id='word_1_150' title='bbox 155 1580 289 1638; x_wconf 84' lang='lat' dir='ltr'><strong>effectum</strong></span> <span class='ocrx_word' id='word_1_151' title='bbox 308 1580 392 1640; x_wconf 92' lang='lat' dir='ltr'><strong>modo</strong></span> <span class='ocrx_word' id='word_1_152' title='bbox 405 1582 559 1658; x_wconf 88' lang='lat' dir='ltr'><strong>putemus?</strong></span> <span class='ocrx_word' id='word_1_153' title='bbox 581 1603 674 1660; x_wconf 84' lang='lat' dir='ltr'><strong>quove</strong></span> <span class='ocrx_word' id='word_1_154' title='bbox 687 1587 771 1660; x_wconf 88' lang='lat' dir='ltr'><strong>pacto</strong></span> <span class='ocrx_word' id='word_1_155' title='bbox 789 1583 858 1641; x_wconf 91' lang='lat' dir='ltr'><strong>huic</strong></span> <span class='ocrx_word' id='word_1_156' title='bbox 871 1581 946 1638; x_wconf 91' lang='lat' dir='ltr'><strong>illud</strong></span> <span class='ocrx_word' id='word_1_157' title='bbox 959 1581 1094 1639; x_wconf 88' lang='lat' dir='ltr'><strong>convenit</strong></span> <span class='ocrx_word' id='word_1_158' title='bbox 1102 1579 1132 1637; x_wconf 87' lang='lat'><strong>?’&#39;</strong></span> 
     </span>
     <span class='ocr_line' id='line_1_20' title="bbox 86 1659 1136 1739; baseline 0.001 -24"><span class='ocrx_word' id='word_1_159' title='bbox 86 1659 184 1716; x_wconf 91' lang='lat' dir='ltr'><strong>omnia</strong></span> <span class='ocrx_word' id='word_1_160' title='bbox 196 1661 272 1734; x_wconf 88' lang='lat' dir='ltr'><strong>apud</strong></span> <span class='ocrx_word' id='word_1_161' title='bbox 286 1660 478 1719; x_wconf 90' lang='lat' dir='ltr'><strong>Niebuhrium</strong></span> <span class='ocrx_word' id='word_1_162' title='bbox 492 1661 575 1738; x_wconf 88' lang='lat' dir='ltr'><strong>quasi</strong></span> <span class='ocrx_word' id='word_1_163' title='bbox 588 1662 624 1722; x_wconf 88' lang='lat' dir='ltr'><strong>ab</strong></span> <span class='ocrx_word' id='word_1_164' title='bbox 638 1683 696 1722; x_wconf 89' lang='lat' dir='ltr'><strong>uno</strong></span> <span class='ocrx_word' id='word_1_165' title='bbox 709 1663 819 1739; x_wconf 88' lang='lat' dir='ltr'><strong>impetu</strong></span> <span class='ocrx_word' id='word_1_166' title='bbox 832 1660 996 1736; x_wconf 83' lang='lat' dir='ltr'><strong>procedant,</strong></span> <span class='ocrx_word' id='word_1_167' title='bbox 1012 1660 1136 1718; x_wconf 87' lang='lat' dir='ltr'><strong>altarum</strong></span> 
     </span>
     <span class='ocr_line' id='line_1_21' title="bbox 86 1738 1135 1816; baseline 0 -21"><span class='ocrx_word' id='word_1_168' title='bbox 86 1738 123 1795; x_wconf 90' lang='lat' dir='ltr'><strong>ab</strong></span> <span class='ocrx_word' id='word_1_169' title='bbox 131 1738 222 1796; x_wconf 90' lang='lat' dir='ltr'><strong>altero</strong></span> <span class='ocrx_word' id='word_1_170' title='bbox 230 1740 383 1814; x_wconf 85' lang='lat' dir='ltr'><strong>pendeant,</strong></span> <span class='ocrx_word' id='word_1_171' title='bbox 394 1741 471 1816; x_wconf 91' lang='lat' dir='ltr'><strong>quod</strong></span> <span class='ocrx_word' id='word_1_172' title='bbox 481 1742 600 1800; x_wconf 90' lang='lat' dir='ltr'><strong>unicum</strong></span> <span class='ocrx_word' id='word_1_173' title='bbox 609 1742 671 1800; x_wconf 85' lang='lat' dir='ltr'><strong>fore</strong></span> <span class='ocrx_word' id='word_1_174' title='bbox 679 1741 810 1801; x_wconf 87' lang='lat' dir='ltr'><strong>veritatis</strong></span> <span class='ocrx_word' id='word_1_175' title='bbox 819 1741 1023 1798; x_wconf 81' lang='lat' dir='ltr'><strong>documentum</strong></span> <span class='ocrx_word' id='word_1_176' title='bbox 1031 1758 1135 1813; x_wconf 86' lang='lat' dir='ltr'><strong>praesa·</strong></span> 
     </span>
     <span class='ocr_line' id='line_1_22' title="bbox 85 1816 1136 1897; baseline 0 -24"><span class='ocrx_word' id='word_1_177' title='bbox 85 1816 184 1891; x_wconf 87' lang='lat' dir='ltr'><strong>giebat</strong></span> <span class='ocrx_word' id='word_1_178' title='bbox 197 1818 285 1875; x_wconf 89' lang='lat' dir='ltr'><strong>etiam</strong></span> <span class='ocrx_word' id='word_1_179' title='bbox 297 1819 489 1888; x_wconf 85' lang='lat' dir='ltr'><strong>Beaufortius,</strong></span> <span class='ocrx_word' id='word_1_180' title='bbox 499 1839 592 1896; x_wconf 91' lang='lat' dir='ltr'><strong>neque</strong></span> <span class='ocrx_word' id='word_1_181' title='bbox 605 1824 703 1879; x_wconf 82' lang='lat' dir='ltr'><strong>tamen</strong></span> <span class='ocrx_word' id='word_1_182' title='bbox 715 1821 760 1880; x_wconf 90' lang='lat' dir='ltr'><strong>uti</strong></span> <span class='ocrx_word' id='word_1_183' title='bbox 770 1840 804 1878; x_wconf 94' lang='lat' dir='ltr'><strong>eo</strong></span> <span class='ocrx_word' id='word_1_184' title='bbox 816 1820 879 1897; x_wconf 87' lang='lat' dir='ltr'><strong>ipse</strong></span> <span class='ocrx_word' id='word_1_185' title='bbox 891 1823 1012 1893; x_wconf 86' lang='lat' dir='ltr'><strong>poterat,</strong></span> <span class='ocrx_word' id='word_1_186' title='bbox 1029 1817 1136 1893; x_wconf 91' lang='lat' dir='ltr'><strong>quippe</strong></span> 
     </span>
     <span class='ocr_line' id='line_1_23' title="bbox 87 1895 1135 1974; baseline -0.001 -21"><span class='ocrx_word' id='word_1_187' title='bbox 87 1895 135 1953; x_wconf 91' lang='lat' dir='ltr'><strong>cui</strong></span> <span class='ocrx_word' id='word_1_188' title='bbox 148 1896 224 1952; x_wconf 92' lang='lat' dir='ltr'><strong>nihil</strong></span> <span class='ocrx_word' id='word_1_189' title='bbox 237 1897 323 1954; x_wconf 90' lang='lat' dir='ltr'><strong>certis</strong></span> <span class='ocrx_word' id='word_1_190' title='bbox 335 1898 482 1956; x_wconf 90' lang='lat' dir='ltr'><strong>munitum</strong></span> <span class='ocrx_word' id='word_1_191' title='bbox 495 1899 668 1958; x_wconf 89' lang='lat' dir='ltr'><strong>testimoniis</strong></span> <span class='ocrx_word' id='word_1_192' title='bbox 682 1903 800 1972; x_wconf 88' lang='lat' dir='ltr'><strong>starent,</strong></span> <span class='ocrx_word' id='word_1_193' title='bbox 817 1900 853 1956; x_wconf 88' lang='lat' dir='ltr'><strong>ad</strong></span> <span class='ocrx_word' id='word_1_194' title='bbox 867 1897 944 1974; x_wconf 90' lang='lat' dir='ltr'><strong>quod</strong></span> <span class='ocrx_word' id='word_1_195' title='bbox 957 1900 1059 1956; x_wconf 86' lang='lat' dir='ltr'><strong>caetera</strong></span> <span class='ocrx_word' id='word_1_196' title='bbox 1073 1896 1135 1953; x_wconf 82' lang='lat' dir='ltr'><strong>cxi-</strong></span> 
     </span>
     <span class='ocr_line' id='line_1_24' title="bbox 86 1973 1133 2051; baseline 0.002 -21"><span class='ocrx_word' id='word_1_197' title='bbox 86 1981 168 2048; x_wconf 82' lang='lat' dir='ltr'><strong>geret</strong></span> <span class='ocrx_word' id='word_1_198' title='bbox 180 1973 213 2032; x_wconf 90' lang='lat' dir='ltr'><strong>in</strong></span> <span class='ocrx_word' id='word_1_199' title='bbox 229 1977 313 2034; x_wconf 90' lang='lat' dir='ltr'><strong>turba</strong></span> <span class='ocrx_word' id='word_1_200' title='bbox 326 1976 519 2051; x_wconf 89' lang='lat' dir='ltr'><strong>probabilium</strong></span> <span class='ocrx_word' id='word_1_201' title='bbox 531 1977 610 2036; x_wconf 85' lang='lat' dir='ltr'><strong>viam</strong></span> <span class='ocrx_word' id='word_1_202' title='bbox 622 1978 771 2038; x_wconf 90' lang='lat' dir='ltr'><strong>nescienti.</strong></span> <span class='ocrx_word' id='word_1_203' title='bbox 807 1977 935 2037; x_wconf 83' lang='lat' dir='ltr'><strong>Concedo</strong></span> <span class='ocrx_word' id='word_1_204' title='bbox 950 1995 1016 2034; x_wconf 88' lang='lat' dir='ltr'><strong>sane</strong></span> <span class='ocrx_word' id='word_1_205' title='bbox 1029 1975 1133 2032; x_wconf 89' lang='lat' dir='ltr'><strong>nihilo·</strong></span> 
     </span>
     <span class='ocr_line' id='line_1_25' title="bbox 87 2052 1135 2126; baseline 0.002 -16"><span class='ocrx_word' id='word_1_206' title='bbox 87 2053 185 2112; x_wconf 89' lang='lat' dir='ltr'><strong>minus</strong></span> <span class='ocrx_word' id='word_1_207' title='bbox 204 2052 325 2112; x_wconf 89' lang='lat' dir='ltr'><strong>nimium</strong></span> <span class='ocrx_word' id='word_1_208' title='bbox 339 2055 474 2114; x_wconf 83' lang='lat' dir='ltr'><strong>tribuisse</strong></span> <span class='ocrx_word' id='word_1_209' title='bbox 494 2056 563 2114; x_wconf 90' lang='lat' dir='ltr'><strong>huic</strong></span> <span class='ocrx_word' id='word_1_210' title='bbox 582 2058 689 2116; x_wconf 87' lang='lat' dir='ltr'><strong>rationi</strong></span> <span class='ocrx_word' id='word_1_211' title='bbox 701 2057 731 2115; x_wconf 89' lang='lat' dir='ltr'>N</span> <span class='ocrx_word' id='word_1_212' title='bbox 732 2057 904 2126; x_wconf 89' lang='lat' dir='ltr'><strong>iebuhrium,</strong></span> <span class='ocrx_word' id='word_1_213' title='bbox 921 2061 950 2114; x_wconf 90' lang='lat' dir='ltr'><strong>et</strong></span> <span class='ocrx_word' id='word_1_214' title='bbox 970 2055 1040 2113; x_wconf 87' lang='lat' dir='ltr'><strong>dum</strong></span> <span class='ocrx_word' id='word_1_215' title='bbox 1058 2058 1135 2112; x_wconf 86' lang='lat' dir='ltr'><strong>recte</strong></span> 
     </span>
     <span class='ocr_line' id='line_1_26' title="bbox 87 2131 1134 2212; baseline 0 -23"><span class='ocrx_word' id='word_1_216' title='bbox 87 2131 249 2208; x_wconf 87' lang='lat' dir='ltr'><strong>increparet</strong></span> <span class='ocrx_word' id='word_1_217' title='bbox 274 2139 386 2192; x_wconf 81' lang='lat' dir='ltr'><strong>veteres</strong></span> <span class='ocrx_word' id='word_1_218' title='bbox 412 2135 565 2194; x_wconf 80' lang='lat' dir='ltr'><strong>annalibus</strong></span> <span class='ocrx_word' id='word_1_219' title='bbox 591 2136 800 2212; x_wconf 86' lang='lat' dir='ltr'><strong>antiquissimis</strong></span> <span class='ocrx_word' id='word_1_220' title='bbox 825 2134 983 2194; x_wconf 89' lang='lat' dir='ltr'><strong>recentiora</strong></span> <span class='ocrx_word' id='word_1_221' title='bbox 1009 2133 1134 2210; x_wconf 91' lang='lat' dir='ltr'><strong>interpo-</strong></span> 
     </span>
     <span class='ocr_line' id='line_1_27' title="bbox 87 2210 1137 2349; baseline 0 -81"><span class='ocrx_word' id='word_1_222' title='bbox 87 2210 273 2349; x_wconf 59' lang='lat' dir='ltr'><strong>langes,dpera</strong></span> <span class='ocrx_word' id='word_1_223' title='bbox 285 2212 431 2272; x_wconf 91' lang='lat' dir='ltr'><strong>interdum</strong></span> <span class='ocrx_word' id='word_1_224' title='bbox 451 2214 579 2274; x_wconf 87' lang='lat' dir='ltr'><strong>omisisse</strong></span> <span class='ocrx_word' id='word_1_225' title='bbox 597 2215 738 2274; x_wconf 90' lang='lat' dir='ltr'><strong>desiderio</strong></span> <span class='ocrx_word' id='word_1_226' title='bbox 753 2215 875 2274; x_wconf 88' lang='lat' dir='ltr'><strong>enodata</strong></span> <span class='ocrx_word' id='word_1_227' title='bbox 892 2214 988 2272; x_wconf 90' lang='lat' dir='ltr'><strong>omnia</strong></span> <span class='ocrx_word' id='word_1_228' title='bbox 1000 2231 1032 2270; x_wconf 87' lang='lat' dir='ltr'><strong>ac</strong></span> <span class='ocrx_word' id='word_1_229' title='bbox 1050 2212 1137 2287; x_wconf 86' lang='lat' dir='ltr'><strong>plana</strong></span> 
     </span>
     <span class='ocr_line' id='line_1_28' title="bbox 86 2290 228 2349; baseline 0 0"><span class='ocrx_word' id='word_1_230' title='bbox 86 2293 132 2349; x_wconf 86' lang='lat' dir='ltr'><strong>tra</strong></span> <span class='ocrx_word' id='word_1_231' title='bbox 152 2310 187 2348; x_wconf 88' lang='lat' dir='ltr'><strong>en</strong></span> <span class='ocrx_word' id='word_1_232' title='bbox 210 2290 228 2349; x_wconf 74' lang='lat'><strong>⁰.</strong></span> 
     </span>
    </p>

    <p class='ocr_par' dir='ltr' id='par_1_3' title="bbox 88 2370 1138 3477">
     <span class='ocr_line' id='line_1_29' title="bbox 129 2370 1137 2450; baseline 0.002 -24"><span class='ocrx_word' id='word_1_233' title='bbox 129 2370 160 2427; x_wconf 87' lang='lat' dir='ltr'><strong>Si</strong></span> <span class='ocrx_word' id='word_1_234' title='bbox 180 2372 246 2446; x_wconf 89' lang='lat' dir='ltr'><strong>quis</strong></span> <span class='ocrx_word' id='word_1_235' title='bbox 265 2393 333 2433; x_wconf 84' lang='lat' dir='ltr'><strong>vero</strong></span> <span class='ocrx_word' id='word_1_236' title='bbox 357 2371 524 2449; x_wconf 86' lang='lat' dir='ltr'><strong>interrogat,</strong></span> <span class='ocrx_word' id='word_1_237' title='bbox 540 2371 592 2450; x_wconf 89' lang='lat' dir='ltr'><strong>qui</strong></span> <span class='ocrx_word' id='word_1_238' title='bbox 614 2375 679 2450; x_wconf 86' lang='lat' dir='ltr'><strong>plue</strong></span> <span class='ocrx_word' id='word_1_239' title='bbox 703 2374 775 2433; x_wconf 91' lang='lat' dir='ltr'><strong>scire</strong></span> <span class='ocrx_word' id='word_1_240' title='bbox 794 2393 880 2450; x_wconf 89' lang='lat' dir='ltr'><strong>quam</strong></span> <span class='ocrx_word' id='word_1_241' title='bbox 900 2377 1012 2430; x_wconf 90' lang='lat' dir='ltr'><strong>veteres</strong></span> <span class='ocrx_word' id='word_1_242' title='bbox 1032 2370 1137 2446; x_wconf 89' lang='lat' dir='ltr'><strong>potuit,</strong></span> 
     </span>
     <span class='ocr_line' id='line_1_30' title="bbox 89 2449 1136 2530; baseline 0 -24"><span class='ocrx_word' id='word_1_243' title='bbox 89 2449 157 2508; x_wconf 86' lang='lat' dir='ltr'><strong>satis</strong></span> <span class='ocrx_word' id='word_1_244' title='bbox 177 2450 233 2510; x_wconf 88' lang='lat' dir='ltr'><strong>erit</strong></span> <span class='ocrx_word' id='word_1_245' title='bbox 252 2452 431 2528; x_wconf 90' lang='lat' dir='ltr'><strong>respondere,</strong></span> <span class='ocrx_word' id='word_1_246' title='bbox 454 2473 487 2510; x_wconf 93' lang='lat' dir='ltr'><strong>eo</strong></span> <span class='ocrx_word' id='word_1_247' title='bbox 508 2451 596 2511; x_wconf 85' lang='lat' dir='ltr'><strong>fuisse</strong></span> <span class='ocrx_word' id='word_1_248' title='bbox 618 2453 696 2510; x_wconf 87' lang='lat' dir='ltr'><strong>haud</strong></span> <span class='ocrx_word' id='word_1_249' title='bbox 717 2453 803 2512; x_wconf 90' lang='lat' dir='ltr'><strong>dubio</strong></span> <span class='ocrx_word' id='word_1_250' title='bbox 824 2451 1037 2530; x_wconf 85' lang='lat' dir='ltr'><strong>prudentiorem</strong></span> <span class='ocrx_word' id='word_1_251' title='bbox 1060 2450 1136 2524; x_wconf 93' lang='lat' dir='ltr'><strong>quod</strong></span> 
     </span>
     <span class='ocr_line' id='line_1_31' title="bbox 88 2529 1135 2608; baseline -0.003 -21"><span class='ocrx_word' id='word_1_252' title='bbox 88 2547 148 2587; x_wconf 90' lang='lat' dir='ltr'><strong>rem</strong></span> <span class='ocrx_word' id='word_1_253' title='bbox 160 2549 294 2605; x_wconf 88' lang='lat' dir='ltr'><strong>magnam</strong></span> <span class='ocrx_word' id='word_1_254' title='bbox 304 2551 397 2606; x_wconf 89' lang='lat' dir='ltr'><strong>neque</strong></span> <span class='ocrx_word' id='word_1_255' title='bbox 411 2533 446 2589; x_wconf 86' lang='lat' dir='ltr'><strong>ab</strong></span> <span class='ocrx_word' id='word_1_256' title='bbox 460 2532 520 2590; x_wconf 93' lang='lat' dir='ltr'><strong>ullo</strong></span> <span class='ocrx_word' id='word_1_257' title='bbox 533 2537 664 2590; x_wconf 88' lang='lat' dir='ltr'><strong>veterum</strong></span> <span class='ocrx_word' id='word_1_258' title='bbox 674 2532 834 2591; x_wconf 83' lang='lat' dir='ltr'><strong>factitatum</strong></span> <span class='ocrx_word' id='word_1_259' title='bbox 844 2529 1035 2608; x_wconf 77' lang='lat' dir='ltr'><strong>peregit—id</strong></span> <span class='ocrx_word' id='word_1_260' title='bbox 1048 2529 1135 2586; x_wconf 88' lang='lat' dir='ltr'><strong>ctiam</strong></span> 
     </span>
     <span class='ocr_line' id='line_1_32' title="bbox 89 2608 1136 2688; baseline -0.003 -22"><span class='ocrx_word' id='word_1_261' title='bbox 89 2627 185 2666; x_wconf 89' lang='lat' dir='ltr'><strong>eorum</strong></span> <span class='ocrx_word' id='word_1_262' title='bbox 199 2611 292 2684; x_wconf 87' lang='lat' dir='ltr'><strong>gratia</strong></span> <span class='ocrx_word' id='word_1_263' title='bbox 309 2610 432 2685; x_wconf 88' lang='lat' dir='ltr'><strong>adjicere</strong></span> <span class='ocrx_word' id='word_1_264' title='bbox 445 2611 496 2686; x_wconf 92' lang='lat' dir='ltr'><strong>qui</strong></span> <span class='ocrx_word' id='word_1_265' title='bbox 515 2611 592 2669; x_wconf 89' lang='lat' dir='ltr'><strong>idem</strong></span> <span class='ocrx_word' id='word_1_266' title='bbox 613 2611 676 2686; x_wconf 85' lang='lat' dir='ltr'><strong>pari</strong></span> <span class='ocrx_word' id='word_1_267' title='bbox 696 2611 833 2680; x_wconf 86' lang='lat' dir='ltr'><strong>doctrina,</strong></span> <span class='ocrx_word' id='word_1_268' title='bbox 848 2610 912 2688; x_wconf 84' lang='lat' dir='ltr'><strong>pari</strong></span> <span class='ocrx_word' id='word_1_269' title='bbox 933 2608 1058 2682; x_wconf 90' lang='lat' dir='ltr'><strong>ingenio,</strong></span> <span class='ocrx_word' id='word_1_270' title='bbox 1072 2608 1136 2682; x_wconf 90' lang='lat' dir='ltr'><strong>pari</strong></span> 
     </span>
     <span class='ocr_line' id='line_1_33' title="bbox 89 2688 1136 2764; baseline -0.003 -18"><span class='ocrx_word' id='word_1_271' title='bbox 89 2688 210 2764; x_wconf 90' lang='lat' dir='ltr'><strong>denique</strong></span> <span class='ocrx_word' id='word_1_272' title='bbox 224 2689 347 2748; x_wconf 82' lang='lat' dir='ltr'><strong>veritete</strong></span> <span class='ocrx_word' id='word_1_273' title='bbox 360 2708 378 2746; x_wconf 91' lang='lat' dir='ltr'><strong>a</strong></span> <span class='ocrx_word' id='word_1_274' title='bbox 390 2689 553 2748; x_wconf 89' lang='lat' dir='ltr'><strong>recentibus</strong></span> <span class='ocrx_word' id='word_1_275' title='bbox 570 2691 705 2748; x_wconf 86' lang='lat' dir='ltr'><strong>effectum</strong></span> <span class='ocrx_word' id='word_1_276' title='bbox 723 2691 905 2761; x_wconf 86' lang='lat' dir='ltr'><strong>contendant,</strong></span> <span class='ocrx_word' id='word_1_277' title='bbox 921 2688 1026 2764; x_wconf 88' lang='lat' dir='ltr'><strong>quibus</strong></span> <span class='ocrx_word' id='word_1_278' title='bbox 1039 2690 1136 2745; x_wconf 85' lang='lat' dir='ltr'><strong>tamen</strong></span> 
     </span>
     <span class='ocr_line' id='line_1_34' title="bbox 88 2767 1136 2844; baseline 0 -20"><span class='ocrx_word' id='word_1_279' title='bbox 88 2767 172 2841; x_wconf 88' lang='lat' dir='ltr'><strong>longe</strong></span> <span class='ocrx_word' id='word_1_280' title='bbox 193 2768 305 2828; x_wconf 89' lang='lat' dir='ltr'><strong>diversa</strong></span> <span class='ocrx_word' id='word_1_281' title='bbox 325 2768 557 2843; x_wconf 86' lang='lat' dir='ltr'><strong>placuisse-nos</strong></span> <span class='ocrx_word' id='word_1_282' title='bbox 576 2769 640 2844; x_wconf 90' lang='lat' dir='ltr'><strong>pari</strong></span> <span class='ocrx_word' id='word_1_283' title='bbox 655 2769 714 2827; x_wconf 89' lang='lat' dir='ltr'><strong>fere</strong></span> <span class='ocrx_word' id='word_1_284' title='bbox 735 2769 851 2843; x_wconf 88' lang='lat' dir='ltr'><strong>ingenio</strong></span> <span class='ocrx_word' id='word_1_285' title='bbox 871 2788 916 2826; x_wconf 89' lang='lat' dir='ltr'><strong>res</strong></span> <span class='ocrx_word' id='word_1_286' title='bbox 936 2769 1079 2826; x_wconf 84' lang='lat' dir='ltr'><strong>Romanas</strong></span> <span class='ocrx_word' id='word_1_287' title='bbox 1100 2767 1136 2824; x_wconf 86' lang='lat' dir='ltr'><strong>ab</strong></span> 
     </span>
     <span class='ocr_line' id='line_1_35' title="bbox 90 2847 1135 2924; baseline -0.003 -20"><span class='ocrx_word' id='word_1_288' title='bbox 90 2847 125 2904; x_wconf 91' lang='lat' dir='ltr'><strong>iis</strong></span> <span class='ocrx_word' id='word_1_289' title='bbox 138 2851 274 2906; x_wconf 88' lang='lat' dir='ltr'><strong>tractatas</strong></span> <span class='ocrx_word' id='word_1_290' title='bbox 287 2847 440 2905; x_wconf 90' lang='lat' dir='ltr'><strong>concedere</strong></span> <span class='ocrx_word' id='word_1_291' title='bbox 454 2848 504 2924; x_wconf 90' lang='lat' dir='ltr'><strong>qui</strong></span> <span class='ocrx_word' id='word_1_292' title='bbox 522 2847 677 2907; x_wconf 86' lang='lat' dir='ltr'><strong>Niebuhrii</strong></span> <span class='ocrx_word' id='word_1_293' title='bbox 694 2849 802 2924; x_wconf 86' lang='lat' dir='ltr'><strong>placita</strong></span> <span class='ocrx_word' id='word_1_294' title='bbox 820 2849 853 2907; x_wconf 90' lang='lat' dir='ltr'><strong>in</strong></span> <span class='ocrx_word' id='word_1_295' title='bbox 872 2865 1005 2922; x_wconf 87' lang='lat' dir='ltr'><strong>magnam</strong></span> <span class='ocrx_word' id='word_1_296' title='bbox 1025 2854 1135 2921; x_wconf 89' lang='lat' dir='ltr'><strong>partem</strong></span> 
     </span>
     <span class='ocr_line' id='line_1_36' title="bbox 92 2924 1137 3000; baseline -0.002 -18"><span class='ocrx_word' id='word_1_297' title='bbox 92 2927 303 2997; x_wconf 88' lang='lat' dir='ltr'><strong>summoverint,</strong></span> <span class='ocrx_word' id='word_1_298' title='bbox 325 2932 402 2984; x_wconf 89' lang='lat' dir='ltr'><strong>recte</strong></span> <span class='ocrx_word' id='word_1_299' title='bbox 420 2927 505 2985; x_wconf 89' lang='lat' dir='ltr'><strong>illum</strong></span> <span class='ocrx_word' id='word_1_300' title='bbox 523 2929 558 2985; x_wconf 89' lang='lat' dir='ltr'><strong>ab</strong></span> <span class='ocrx_word' id='word_1_301' title='bbox 577 2927 679 2985; x_wconf 85' lang='lat' dir='ltr'><strong>iisdem</strong></span> <span class='ocrx_word' id='word_1_302' title='bbox 699 2928 847 2987; x_wconf 88' lang='lat' dir='ltr'><strong>interdum</strong></span> <span class='ocrx_word' id='word_1_303' title='bbox 867 2927 1039 2998; x_wconf 85' lang='lat' dir='ltr'><strong>castigatum</strong></span> <span class='ocrx_word' id='word_1_304' title='bbox 1059 2924 1137 3000; x_wconf 91' lang='lat' dir='ltr'><strong>quod</strong></span> 
     </span>
     <span class='ocr_line' id='line_1_37' title="bbox 91 3003 1136 3082; baseline -0.002 -21"><span class='ocrx_word' id='word_1_305' title='bbox 91 3004 237 3078; x_wconf 85' lang='lat' dir='ltr'><strong>ingenium</strong></span> <span class='ocrx_word' id='word_1_306' title='bbox 250 3004 371 3064; x_wconf 92' lang='lat' dir='ltr'><strong>minima</strong></span> <span class='ocrx_word' id='word_1_307' title='bbox 384 3025 506 3082; x_wconf 86' lang='lat' dir='ltr'><strong>quaeque</strong></span> <span class='ocrx_word' id='word_1_308' title='bbox 526 3008 593 3064; x_wconf 90' lang='lat' dir='ltr'><strong>ante</strong></span> <span class='ocrx_word' id='word_1_309' title='bbox 613 3007 709 3064; x_wconf 88' lang='lat' dir='ltr'><strong>oculos</strong></span> <span class='ocrx_word' id='word_1_310' title='bbox 729 3004 943 3082; x_wconf 88' lang='lat' dir='ltr'><strong>representandi</strong></span> <span class='ocrx_word' id='word_1_311' title='bbox 956 3003 1074 3062; x_wconf 85' lang='lat' dir='ltr'><strong>avidum</strong></span> <span class='ocrx_word' id='word_1_312' title='bbox 1086 3022 1136 3076; x_wconf 83' lang='lat' dir='ltr'><strong>pa-</strong></span> 
     </span>
     <span class='ocr_line' id='line_1_38' title="bbox 92 3083 1137 3160; baseline -0.002 -20"><span class='ocrx_word' id='word_1_313' title='bbox 92 3102 154 3140; x_wconf 91' lang='lat' dir='ltr'><strong>rum</strong></span> <span class='ocrx_word' id='word_1_314' title='bbox 174 3085 342 3158; x_wconf 90' lang='lat' dir='ltr'><strong>cohibuerit,</strong></span> <span class='ocrx_word' id='word_1_315' title='bbox 357 3086 433 3160; x_wconf 92' lang='lat' dir='ltr'><strong>quod</strong></span> <span class='ocrx_word' id='word_1_316' title='bbox 452 3105 518 3144; x_wconf 90' lang='lat' dir='ltr'><strong>cum</strong></span> <span class='ocrx_word' id='word_1_317' title='bbox 538 3084 626 3144; x_wconf 89' lang='lat' dir='ltr'><strong>Livio</strong></span> <span class='ocrx_word' id='word_1_318' title='bbox 646 3106 796 3144; x_wconf 89' lang='lat' dir='ltr'><strong>commune</strong></span> <span class='ocrx_word' id='word_1_319' title='bbox 816 3085 927 3155; x_wconf 90' lang='lat' dir='ltr'><strong>habuit,</strong></span> <span class='ocrx_word' id='word_1_320' title='bbox 947 3102 1041 3159; x_wconf 89' lang='lat' dir='ltr'><strong>neque</strong></span> <span class='ocrx_word' id='word_1_321' title='bbox 1060 3083 1137 3139; x_wconf 88' lang='lat' dir='ltr'><strong>inter</strong></span> 
     </span>
     <span class='ocr_line' id='line_1_39' title="bbox 92 3162 1138 3240; baseline -0.001 -23"><span class='ocrx_word' id='word_1_322' title='bbox 92 3162 212 3219; x_wconf 87' lang='lat' dir='ltr'><strong>virtutes</strong></span> <span class='ocrx_word' id='word_1_323' title='bbox 231 3164 315 3222; x_wconf 84' lang='lat' dir='ltr'><strong>facilc</strong></span> <span class='ocrx_word' id='word_1_324' title='bbox 334 3183 430 3240; x_wconf 89' lang='lat' dir='ltr'><strong>neque</strong></span> <span class='ocrx_word' id='word_1_325' title='bbox 449 3165 527 3224; x_wconf 91' lang='lat' dir='ltr'><strong>inter</strong></span> <span class='ocrx_word' id='word_1_326' title='bbox 546 3163 620 3222; x_wconf 84' lang='lat' dir='ltr'><strong>vitia</strong></span> <span class='ocrx_word' id='word_1_327' title='bbox 641 3165 831 3235; x_wconf 82' lang='lat' dir='ltr'><strong>referendum,</strong></span> <span class='ocrx_word' id='word_1_328' title='bbox 853 3166 961 3222; x_wconf 87' lang='lat' dir='ltr'><strong>restare</strong></span> <span class='ocrx_word' id='word_1_329' title='bbox 981 3166 1079 3220; x_wconf 87' lang='lat' dir='ltr'><strong>tamen</strong></span> <span class='ocrx_word' id='word_1_330' title='bbox 1102 3165 1138 3217; x_wconf 92' lang='lat' dir='ltr'><strong>ut</strong></span> 
     </span>
     <span class='ocr_line' id='line_1_40' title="bbox 93 3239 1137 3322; baseline -0.002 -24"><span class='ocrx_word' id='word_1_331' title='bbox 93 3260 226 3312; x_wconf 87' lang='lat' dir='ltr'><strong>negemus</strong></span> <span class='ocrx_word' id='word_1_332' title='bbox 246 3261 293 3301; x_wconf 88' lang='lat' dir='ltr'><strong>eos</strong></span> <span class='ocrx_word' id='word_1_333' title='bbox 309 3263 411 3322; x_wconf 85' lang='lat' dir='ltr'><strong>parem</strong></span> <span class='ocrx_word' id='word_1_334' title='bbox 432 3244 563 3318; x_wconf 88' lang='lat' dir='ltr'><strong>attigisse</strong></span> <span class='ocrx_word' id='word_1_335' title='bbox 585 3244 738 3302; x_wconf 85' lang='lat' dir='ltr'><strong>veritatem</strong></span> <span class='ocrx_word' id='word_1_336' title='bbox 751 3243 802 3319; x_wconf 90' lang='lat' dir='ltr'><strong>qui</strong></span> <span class='ocrx_word' id='word_1_337' title='bbox 821 3263 880 3301; x_wconf 90' lang='lat' dir='ltr'><strong>non</strong></span> <span class='ocrx_word' id='word_1_338' title='bbox 900 3261 975 3298; x_wconf 89' lang='lat' dir='ltr'><strong>nova</strong></span> <span class='ocrx_word' id='word_1_339' title='bbox 994 3239 1137 3298; x_wconf 89' lang='lat' dir='ltr'><strong>afferendo</strong></span> 
     </span>
     <span class='ocr_line' id='line_1_41' title="bbox 94 3321 1134 3398; baseline -0.003 -21"><span class='ocrx_word' id='word_1_340' title='bbox 94 3321 181 3394; x_wconf 85' lang='lat' dir='ltr'><strong>magis</strong></span> <span class='ocrx_word' id='word_1_341' title='bbox 203 3339 289 3396; x_wconf 86' lang='lat' dir='ltr'><strong>quarn</strong></span> <span class='ocrx_word' id='word_1_342' title='bbox 313 3321 485 3397; x_wconf 87' lang='lat' dir='ltr'><strong>negligendo</strong></span> <span class='ocrx_word' id='word_1_343' title='bbox 509 3329 607 3383; x_wconf 85' lang='lat' dir='ltr'><strong>vetera</strong></span> <span class='ocrx_word' id='word_1_344' title='bbox 630 3323 692 3398; x_wconf 89' lang='lat' dir='ltr'><strong>ejus</strong></span> <span class='ocrx_word' id='word_1_345' title='bbox 715 3322 885 3380; x_wconf 87' lang='lat' dir='ltr'><strong>sententiam</strong></span> <span class='ocrx_word' id='word_1_346' title='bbox 909 3321 1134 3389; x_wconf 86' lang='lat' dir='ltr'><strong>immutaverint,</strong></span> 
     </span>
     <span class='ocr_line' id='line_1_42' title="bbox 94 3399 1128 3477; baseline -0.002 -22"><span class='ocrx_word' id='word_1_347' title='bbox 94 3401 166 3474; x_wconf 86' lang='lat' dir='ltr'><strong>quod</strong></span> <span class='ocrx_word' id='word_1_348' title='bbox 180 3401 386 3459; x_wconf 86' lang='lat' dir='ltr'><strong>Mommsenius</strong></span> <span class='ocrx_word' id='word_1_349' title='bbox 399 3402 486 3477; x_wconf 78' lang='lat' dir='ltr'><strong>hujus</strong></span> <span class='ocrx_word' id='word_1_350' title='bbox 499 3400 617 3461; x_wconf 79' lang='lat' dir='ltr'><strong>familia</strong></span> <span class='ocrx_word' id='word_1_351' title='bbox 630 3402 715 3459; x_wconf 84' lang='lat' dir='ltr'><strong>facile</strong></span> <span class='ocrx_word' id='word_1_352' title='bbox 728 3400 861 3476; x_wconf 90' lang='lat' dir='ltr'><strong>princeps</strong></span> <span class='ocrx_word' id='word_1_353' title='bbox 874 3399 974 3458; x_wconf 89' lang='lat' dir='ltr'><strong>fecisse</strong></span> <span class='ocrx_word' id='word_1_354' title='bbox 987 3399 1128 3457; x_wconf 87' lang='lat' dir='ltr'><strong>videatur.</strong></span> 
     </span>
    </p>

    <p class='ocr_par' dir='ltr' id='par_1_4' title="bbox 94 3477 1139 3714">
     <span class='ocr_line' id='line_1_43' title="bbox 132 3477 1138 3556; baseline -0.002 -21"><span class='ocrx_word' id='word_1_355' title='bbox 132 3478 220 3553; x_wconf 81' lang='lat' dir='ltr'><strong>Cujus</strong></span> <span class='ocrx_word' id='word_1_356' title='bbox 241 3480 365 3538; x_wconf 84' lang='lat' dir='ltr'><strong>rationes</strong></span> <span class='ocrx_word' id='word_1_357' title='bbox 388 3481 486 3556; x_wconf 87' lang='lat' dir='ltr'><strong>paullo</strong></span> <span class='ocrx_word' id='word_1_358' title='bbox 510 3482 603 3539; x_wconf 83' lang='lat' dir='ltr'><strong>fusius</strong></span> <span class='ocrx_word' id='word_1_359' title='bbox 626 3479 826 3555; x_wconf 86' lang='lat' dir='ltr'><strong>expendentur</strong></span> <span class='ocrx_word' id='word_1_360' title='bbox 845 3479 937 3546; x_wconf 84' lang='lat' dir='ltr'><strong>ini&#39;ra;</strong></span> <span class='ocrx_word' id='word_1_361' title='bbox 961 3477 992 3534; x_wconf 90' lang='lat' dir='ltr'><strong>in</strong></span> <span class='ocrx_word' id='word_1_362' title='bbox 1012 3495 1138 3554; x_wconf 84' lang='lat' dir='ltr'><strong>praesens</strong></span> 
     </span>
     <span class='ocr_line' id='line_1_44' title="bbox 94 3555 1139 3636; baseline -0.003 -22"><span class='ocrx_word' id='word_1_363' title='bbox 94 3557 166 3614; x_wconf 91' lang='lat' dir='ltr'><strong>enim</strong></span> <span class='ocrx_word' id='word_1_364' title='bbox 180 3557 326 3634; x_wconf 88' lang='lat' dir='ltr'><strong>integrum</strong></span> <span class='ocrx_word' id='word_1_365' title='bbox 345 3559 422 3616; x_wconf 92' lang='lat' dir='ltr'><strong>illud</strong></span> <span class='ocrx_word' id='word_1_366' title='bbox 441 3560 592 3636; x_wconf 88' lang='lat' dir='ltr'><strong>anquirere</strong></span> <span class='ocrx_word' id='word_1_367' title='bbox 610 3558 692 3625; x_wconf 87' lang='lat' dir='ltr'><strong>libet,</strong></span> <span class='ocrx_word' id='word_1_368' title='bbox 706 3557 842 3634; x_wconf 85' lang='lat' dir='ltr'><strong>quoniam</strong></span> <span class='ocrx_word' id='word_1_369' title='bbox 859 3559 891 3616; x_wconf 92' lang='lat' dir='ltr'><strong>in</strong></span> <span class='ocrx_word' id='word_1_370' title='bbox 904 3558 990 3616; x_wconf 87' lang='lat' dir='ltr'><strong>rebus</strong></span> <span class='ocrx_word' id='word_1_371' title='bbox 1003 3555 1139 3614; x_wconf 86' lang='lat' dir='ltr'><strong>humanis</strong></span> 
     </span>
     <span class='ocr_line' id='line_1_45' title="bbox 94 3636 1138 3714; baseline -0.003 -20"><span class='ocrx_word' id='word_1_372' title='bbox 94 3638 237 3694; x_wconf 88' lang='lat' dir='ltr'><strong>turbarum</strong></span> <span class='ocrx_word' id='word_1_373' title='bbox 258 3657 291 3696; x_wconf 86' lang='lat' dir='ltr'><strong>ac</strong></span> <span class='ocrx_word' id='word_1_374' title='bbox 311 3638 526 3714; x_wconf 85' lang='lat' dir='ltr'><strong>disceptationis</strong></span> <span class='ocrx_word' id='word_1_375' title='bbox 544 3637 638 3713; x_wconf 89' lang='lat' dir='ltr'><strong>plenis</strong></span> <span class='ocrx_word' id='word_1_376' title='bbox 657 3637 852 3695; x_wconf 86' lang='lat' dir='ltr'><strong>laudationem</strong></span> <span class='ocrx_word' id='word_1_377' title='bbox 872 3637 982 3712; x_wconf 89' lang='lat' dir='ltr'><strong>excipit</strong></span> <span class='ocrx_word' id='word_1_378' title='bbox 1002 3636 1138 3704; x_wconf 86' lang='lat' dir='ltr'><strong>defensio,</strong></span> 
     </span>
    </p>
   </div>
   <div class='ocr_carea' id='block_1_3' title="bbox 96 3714 1138 3795">
    <p class='ocr_par' dir='ltr' id='par_1_5' title="bbox 96 3714 1138 3795">
     <span class='ocr_line' id='line_1_46' title="bbox 96 3714 1138 3795; baseline -0.003 -21"><span class='ocrx_word' id='word_1_379' title='bbox 96 3717 167 3794; x_wconf 92' lang='lat' dir='ltr'><strong>quod</strong></span> <span class='ocrx_word' id='word_1_380' title='bbox 191 3722 259 3777; x_wconf 88' lang='lat' dir='ltr'><strong>ante</strong></span> <span class='ocrx_word' id='word_1_381' title='bbox 281 3717 375 3776; x_wconf 88' lang='lat' dir='ltr'><strong>obiter</strong></span> <span class='ocrx_word' id='word_1_382' title='bbox 395 3717 554 3795; x_wconf 88' lang='lat' dir='ltr'><strong>perstrinxi</strong></span> <span class='ocrx_word' id='word_1_383' title='bbox 573 3715 642 3795; x_wconf 89' lang='lat' dir='ltr'><strong>quia</strong></span> <span class='ocrx_word' id='word_1_384' title='bbox 664 3734 718 3775; x_wconf 91' lang='lat' dir='ltr'><strong>nec</strong></span> <span class='ocrx_word' id='word_1_385' title='bbox 740 3715 825 3775; x_wconf 89' lang='lat' dir='ltr'><strong>silere</strong></span> <span class='ocrx_word' id='word_1_386' title='bbox 845 3716 915 3776; x_wconf 85' lang='lat' dir='ltr'><strong>eatis</strong></span> <span class='ocrx_word' id='word_1_387' title='bbox 937 3714 1021 3793; x_wconf 87' lang='lat' dir='ltr'><strong>potui</strong></span> <span class='ocrx_word' id='word_1_388' title='bbox 1042 3732 1138 3792; x_wconf 89' lang='lat' dir='ltr'><strong>neque</strong></span> 
     </span>
    </p>
   </div>
   <div class='ocr_carea' id='block_1_4' title="bbox 0 0 1315 4108">
    <p class='ocr_par' dir='ltr' id='par_1_6' title="bbox 0 0 1315 4108">
     <span class='ocr_line' id='line_1_47' title="bbox 0 0 1315 4108; baseline 0 0"><span class='ocrx_word' id='word_1_389' title='bbox 0 0 1315 4108; x_wconf 95' lang='lat' dir='ltr'><strong> </strong></span> 
     </span>
    </p>
   </div>
  </div>
 </body>
</html>
