2594 4108
124 255 201 312 nibil
221 253 320 313 solidis
339 255 501 314 rationibus
521 259 689 330 statuerent,
705 275 880 334 quamquam
899 257 1008 326 multis,
1021 276 1058 316 ne
1082 255 1173 316 dicam

124 333 266 409 plurimis,
289 333 401 411 aliquid
423 337 537 394 subesse
561 336 622 394 veri
644 336 676 396 hi
697 355 812 413 quoque
833 335 907 394 arbit
908 338 1054 395 rebantur.
1096 335 1173 402 Quas

124 418 223 472 tamen
235 433 311 472 verae
330 413 459 472 historia
478 415 629 492 relliquias
641 434 736 492 neque
754 434 772 473 a
789 414 871 474 falsis
891 415 1069 491 distinguere
1088 422 1172 491 potu·

124 498 327 569 eruptusque
340 492 446 550 validis
460 493 637 570 argumentis
650 493 750 553 tutari.

165 537 282 630 Scilicet
295 569 502 630 existimationi
517 573 654 632 favens
631 573 738 632 civium
748 571 932 631 Beaufortius
943 591 960 630 a
971 571 1062 631 Gallis
1075 591 1174 630 revera

122 649 301 741 redemptam
327 651 437 722 urbem,
463 651 674 728 Porsennaeque
698 652 768 709 adeo
792 651 871 710 dedit
860 659 919 721 tam
942 651 985 708 ita
955 651 1142 708 ttluoulen
1129 654 1176 708 etr

122 727 219 800 evicit,
241 729 406 787 mendosam
425 696 588 867 temporum
606 729 747 789 rationem
767 729 843 789 eirca
862 716 1034 806 Tarquinios
1054 749 1087 787 ac
1108 729 1172 788 Ser-

122 807 203 864 vium
222 809 353 866 Tullium
373 808 416 868 ita
435 811 527 901 perite
545 809 681 880 excussit,
700 813 736 868 ιι
753 809 838 886 plane
855 808 996 886 Dionysio
1014 811 1044 867 et
1062 813 1116 866 oaet
1117 827 1173 874 erae

121 885 282 947 Pisoniauae
302 885 421 946 familiae
442 887 616 946 inridendus
637 891 712 946 esset
737 889 874 966 (quorum
895 887 1012 964 quidem
1035 895 1172 964 patronus

120 963 179 1022 huc
194 985 307 1042 quoque
320 984 372 1057 pro
385 986 463 1025 more
477 987 528 1059 suo
531 967 640 1059 'inepta
650 968 782 1058 quaedam
795 967 933 1042 figmenta
945 965 1109 1040 intulerat),
1121 985 1172 1023 no-

120 1061 177 1119 que
191 1047 288 1102 tamen
303 1065 320 1102 a
332 1064 380 1102 vra
391 1065 477 1121 quam
490 1045 529 1105 ist
529 1046 540 1104 i
553 1046 675 1120 ingressi
688 1056 770 1104 eraut
780 1065 845 1123 quas
856 1045 1045 1122 displicebant
1059 1045 1173 1119 singula

49 1182 51 1187 ,
120 1123 243 1182 tollendi
256 1123 372 1200 longius
386 1125 515 1184 disces't
465 1129 524 1184 ι.ιι
568 1124 633 1191 Qua
646 1125 681 1183 de
695 1145 779 1184 eausa
793 1125 868 1183 mult
856 1131 885 1183 to
902 1127 964 1182 erat
979 1123 1038 1182 fact
1026 1131 1059 1182 tu
1077 1123 1173 1182 levius

120 1200 151 1258 id
165 1203 243 1278 quod
256 1203 411 1278 cupiebant
429 1223 526 1261 omnes
540 1204 576 1262 de
593 1203 705 1262 caeteris
723 1207 758 1263 ιι
775 1207 891 1280 recepta
908 1207 990 1260 erant
1008 1201 1171 1278 antiquitus

119 1278 163 1338 ita
176 1282 289 1339 credere
303 1291 390 1358 atque
404 1283 570 1341 declamare.
612 1283 745 1359 Namque
757 1302 854 1341 omnes
866 1288 972 1358 praeter
983 1300 1076 1339 unum
1086 1281 1171 1339 Vico

119 1377 187 1417 nem
197 1358 249 1437 qui
260 1363 329 1418 ante
344 1361 524 1420 Niebuhrius
537 1381 582 1420 res
595 1361 739 1420 Romanas
749 1363 861 1420 tradere
875 1361 970 1419 conati
984 1364 1066 1418 erant
1078 1359 1171 1418 eidem

120 1439 238 1496 obnoxii
251 1444 334 1497 erant
346 1439 469 1514 crimini,
484 1460 582 1498 omnes
595 1440 672 1498 enim
686 1441 721 1498 de
738 1442 824 1500 rebus
844 1439 933 1515 gestis
950 1445 980 1498 et
967 1439 1082 1498 talaris
1101 1437 1171 1496 faoi·

120 1518 238 1576 noribus
252 1537 335 1594 quasr
326 1519 384 1576 'de
396 1519 521 1590 infectis,
537 1520 572 1577 de
586 1519 729 1590 inanibus,
750 1520 785 1578 de
803 1538 953 1595 nunquam
972 1517 1111 1576 iterandis
1128 1517 1172 1576 ita

118 1594 320 1671 loquebantur.
345 1598 435 1674 Cujus
445 1598 549 1656 erroris
562 1598 740 1657 Niebuhrius
753 1598 872 1656 unicum
886 1597 988 1656 attulit
1000 1596 1169 1654 remedium

119 1673 234 1750 Nempe
253 1676 279 1734 is
299 1680 479 1753 perspectum
500 1676 728 1747 habuit,sana1i
747 1695 897 1753 nunquam
916 1694 998 1750 posse
1018 1675 1170 1732 historiam

117 1754 353 1828 vetustissimam,
368 1755 427 1812 nisi
417 1755 604 1833 philologiae
619 1775 706 1832 quam
719 1760 825 1815 vocant
836 1774 937 1812 rursus
950 1753 1169 1826 conciliaretur3

117 1833 305 1908 philologiam
327 1800 424 1892 cirtem
436 1855 541 1893 vanam
561 1836 621 1894 fore
642 1838 672 1893 et
691 1835 828 1894 inutilem
845 1835 902 1892 nisi
920 1834 957 1892 ad
973 1834 1044 1892 ιιιιι
1062 1835 1170 1892 nostrae

118 1930 280 1970 mensuram
294 1932 420 1987 expensa
432 1913 530 1972 fuerit.

159 1991 196 2048 Id
225 1991 277 2048 ille
303 1998 427 2065 tantum,
450 1992 549 2061 fateor,
570 2012 637 2051 cum
659 1989 801 2069 Dionysio
825 1991 993 2067 caeterisque
1019 2009 1172 2050 commune

117 2069 222 2128 habuit
235 2071 312 2146 quod
326 2071 448 2129 sublatis
460 2071 541 2130 falsis
555 2072 683 2148 relinqui
695 2091 765 2130 vera
777 2071 909 2142 credidit,
926 2071 974 2128 cui
991 2069 1172 2145 simplicissi-

117 2169 172 2208 mae
187 2168 219 2207 ac
233 2149 428 2208 saluberrimae
442 2151 547 2209 rationi
559 2151 635 2208 nihil
649 2151 740 2226 magis
751 2149 864 2209 obstitit
874 2168 960 2226 quam
970 2149 1063 2224 ipsius
1074 2157 1174 2207 auoto-

117 2227 204 2296 ritas3
229 2247 354 2304 namque
374 2248 471 2287 eorum
492 2230 664 2288 futilitatem
687 2230 835 2288 levitatem
861 2229 1022 2286 vanitatem
1045 2227 1174 2302 graviter

117 2306 277 2365 insectatus
291 2308 415 2382 seipsum
435 2309 554 2367 fallebat
574 2308 631 2367 iter
649 2309 726 2366 idem
747 2308 830 2366 modo
850 2308 1017 2366 melioribus
1036 2307 1174 2384 auspiciis

117 2385 271 2460 ingressus.
314 2386 402 2444 Nihil
414 2387 465 2446 isti
479 2387 571 2446 adorti
591 2388 692 2446 tollere
711 2385 769 2444 nisi
787 2391 839 2444 aut
857 2390 970 2444 naturae
988 2386 1101 2461 legibus
1120 2391 1174 2445 aut

118 2463 169 2522 alii
188 2463 281 2541 operis
297 2465 374 2542 parti
395 2467 573 2542 apertissime
587 2467 769 2542 discreparet,
785 2465 860 2523 nihil
877 2465 910 2522 in
927 2465 1049 2524 istorum
1068 2465 1174 2541 ooeptis

113 2542 202 2620 justae
164 2544 350 2602 teudaciae
374 2548 544 2638 apparebat,
566 2565 669 2621 nempe
688 2543 744 2603 sibi
763 2545 943 2614 diffidebant,
963 2564 1000 2602 ιιι
1001 2545 1099 2620 tiques
1119 2544 1175 2620 qui

117 2641 174 2679 non
194 2622 237 2680 ita
250 2623 454 2682 diffiderent
425 2625 512 2682 nimis
525 2626 708 2694 verebantur,
724 2643 839 2681 omnem
850 2624 883 2681 in
901 2623 937 2681 ιιι
956 2623 1070 2700 culpam
1084 2642 1174 2712 quam

115 2704 275 2777 potuerunt
288 2703 568 2794 dissimulabant‚t
533 2707 568 2760 ut
584 2702 617 2760 in
631 2667 737 2780 quibirs
754 2703 837 2761 nulla
849 2721 907 2760 non
922 2702 1079 2760 offenderet
1091 2703 1174 2760 vitu·

115 2779 243 2856 paratio,
264 2780 353 2842 immo
363 2781 395 2840 in
405 2782 465 2839 illis
476 2801 542 2873 qpae
553 2782 634 2839 nullo
644 2785 729 2873 pacto
740 2781 920 2839 dissimulare
929 2785 1065 2857 poterant
1075 2799 1174 2838 emen-

116 2858 261 2916 dationem
277 2879 365 2936 quam
385 2862 553 2920 maturrime
571 2864 729 2934 transigere
747 2862 880 2931 arebant,
896 2879 949 2918 nec
964 2859 1096 2917 fraudem
1115 2877 1174 2916 ιιι-

116 2956 203 3028 quam
218 2942 350 2996 veterum
364 2941 455 3016 magis
470 2960 557 3018 quam
574 2958 698 2998 errorem
711 2903 911 3004 causabantur,
927 2937 1029 2996 erroris
1043 2956 1111 2996 ιιιο
1125 2958 1175 2996 oc-

116 3017 259 3074 casionem
268 3019 350 3075 nullo
360 3019 420 3077 fere
430 3023 559 3095 tempore
570 3023 622 3077 aut
635 3020 806 3093 exprobrare
821 3020 872 3076 aut
886 3017 1038 3076 divinare
1030 3037 1062 3074 ιιι
1076 3017 1176 3078 animo

115 3099 177 3152 erat
164 3096 276 3164 tunde
289 3097 457 3156 factumt
413 3107 457 3156 est
470 3117 564 3174 neque
575 3098 648 3156 falsa
661 3118 678 3157 a
691 3097 768 3154 veris
783 3098 853 3156 satis
866 3097 985 3168 secerni,
998 3115 1092 3188 neque
1102 3115 1176 3157 vera

114 3173 231 3245 muniri,
248 3174 382 3236 debitara
399 3197 496 3236 rerum
517 3177 693 3235 successione
714 3177 791 3235 iuter
812 3195 841 3234 se
860 3177 990 3252 potuisse
1005 3175 1102 3252 jungi,
1118 3183 1173 3236 aut

116 3254 151 3311 ab
167 3263 273 3310 eventu
287 3255 432 3314 aestimari.
466 3257 662 3331 Voluptati
633 3255 771 3314 nimirum
784 3256 944 3330 legentium
958 3259 1055 3332 potius
1070 3255 1171 3312 stude-

114 3333 185 3389 bant
173 3338 293 3408 tquam
313 3335 431 3393 veritati
450 3355 563 3393 rerum.
586 3336 770 3410 probatorum
790 3334 853 3392 loco
873 3334 1033 3411 probabilia
1056 3353 1170 3410 quaere-

113 3412 228 3481 bantur,
244 3415 306 3470 loco
323 3414 515 3490 probabilium
534 3415 758 3472 adsumebantur
777 3413 911 3489 speciosa,
933 3415 1080 3489 quibus
1059 3434 1084 3471 ιι
1103 3412 1168 3471 ullo

112 3493 197 3564 pacto
212 3491 290 3548 credi
304 3497 400 3565 posset
414 3493 592 3552 satisfactum
606 3493 790 3569 inquisitioni
803 3492 965 3551 ridebatur.

153 3568 211 3633 Qui
232 3588 323 3645 quum
346 3581 475 3632 auctores
492 3577 603 3632 veteres
620 3572 703 3630 nulla
723 3574 758 3631 de
777 3573 934 3634 rebust
884 3591 921 3628 an
923 3569 1093 3648 tiquissimis
1113 3569 1168 3630 fic·

113 3649 193 3704 turos
213 3649 302 3708 fuisse
326 3652 543 3722 arbitrarentur,
561 3650 619 3708 nisi
639 3652 674 3710 de
697 3653 804 3728 quibus
823 3651 966 3726 fingerent
985 3651 1165 3722 habuissent,

112 3728 177 3785 tum
187 3731 264 3790 recte
277 3730 397 3790 ιοιιιιιι
410 3731 575 3814 sapiebant;
597 3749 687 3807 quum
700 3750 769 3804 vero
782 3730 895 3790 fictores
907 3734 1014 3808 praeter
1026 3729 1169 3792 miracula
