<?xml version="1.0" encoding="UTF-8"?>
<!DOCTYPE html PUBLIC "-//W3C//DTD XHTML 1.0 Transitional//EN"
    "http://www.w3.org/TR/xhtml1/DTD/xhtml1-transitional.dtd">
<html xmlns="http://www.w3.org/1999/xhtml" xml:lang="en" lang="en">
 <head>
  <title>
</title>
<meta http-equiv="Content-Type" content="text/html;charset=utf-8" />
  <meta name='ocr-system' content='tesseract 3.04.00' />
  <meta name='ocr-capabilities' content='ocr_page ocr_carea ocr_par ocr_line ocrx_word'/>
</head>
<body>
  <div class='ocr_page' id='page_1' title='image "./deniebuhriimeri00simcgoog_0024.png"; bbox 0 0 2594 4108; ppageno 0'>
   <div class='ocr_carea' id='block_1_1' title="bbox 618 107 654 163">
    <p class='ocr_par' dir='ltr' id='par_1_1' title="bbox 618 107 654 163">
     <span class='ocr_line' id='line_1_1' title="bbox 618 107 654 163; baseline 0 0"><span class='ocrx_word' id='word_1_1' title='bbox 618 107 654 163; x_wconf 86' lang='lat' dir='ltr'>le</span> 
     </span>
    </p>
   </div>
   <div class='ocr_carea' id='block_1_2' title="bbox 13 255 1162 332">
    <p class='ocr_par' dir='ltr' id='par_1_2' title="bbox 13 255 1162 332">
     <span class='ocr_line' id='line_1_2' title="bbox 13 255 1162 332; baseline 0.001 -14"><span class='ocrx_word' id='word_1_2' title='bbox 13 275 14 300; x_wconf 75' lang='lat'><em>³</em></span> <span class='ocrx_word' id='word_1_3' title='bbox 110 258 252 330; x_wconf 88' lang='lat' dir='ltr'>redderet,</span> <span class='ocrx_word' id='word_1_4' title='bbox 275 276 343 332; x_wconf 84' lang='lat' dir='ltr'>ager</span> <span class='ocrx_word' id='word_1_5' title='bbox 361 256 514 332; x_wconf 81' lang='lat' dir='ltr'>vectigalis</span> <span class='ocrx_word' id='word_1_6' title='bbox 533 255 660 329; x_wconf 90' lang='lat' dir='ltr'>cuilibet,</span> <span class='ocrx_word' id='word_1_7' title='bbox 683 277 752 332; x_wconf 89' lang='lat' dir='ltr'>ager</span> <span class='ocrx_word' id='word_1_8' title='bbox 775 259 921 318; x_wconf 89' lang='lat' dir='ltr'>Romanus</span> <span class='ocrx_word' id='word_1_9' title='bbox 942 277 1000 317; x_wconf 89' lang='lat' dir='ltr'>non</span> <span class='ocrx_word' id='word_1_10' title='bbox 1023 257 1081 317; x_wconf 92' lang='lat' dir='ltr'>nisi</span> <span class='ocrx_word' id='word_1_11' title='bbox 1104 259 1162 320; x_wconf 86' lang='lat' dir='ltr'>civi</span> 
     </span>
    </p>
   </div>
   <div class='ocr_carea' id='block_1_3' title="bbox 104 337 1237 3813">
    <p class='ocr_par' dir='ltr' id='par_1_3' title="bbox 110 337 1161 1516">
     <span class='ocr_line' id='line_1_3' title="bbox 112 337 1161 413; baseline 0.001 -16"><span class='ocrx_word' id='word_1_12' title='bbox 112 339 242 397; x_wconf 88' lang='lat' dir='ltr'>Romano</span> <span class='ocrx_word' id='word_1_13' title='bbox 256 348 308 395; x_wconf 88' lang='lat' dir='ltr'>aut</span> <span class='ocrx_word' id='word_1_14' title='bbox 321 337 440 413; x_wconf 90' lang='lat' dir='ltr'>antiquo</span> <span class='ocrx_word' id='word_1_15' title='bbox 458 337 568 406; x_wconf 82' lang='lat' dir='ltr'>incolae,</span> <span class='ocrx_word' id='word_1_16' title='bbox 583 341 613 394; x_wconf 90' lang='lat' dir='ltr'>et</span> <span class='ocrx_word' id='word_1_17' title='bbox 630 338 681 396; x_wconf 90' lang='lat' dir='ltr'>ille</span> <span class='ocrx_word' id='word_1_18' title='bbox 700 337 818 411; x_wconf 91' lang='lat' dir='ltr'>quidem</span> <span class='ocrx_word' id='word_1_19' title='bbox 836 357 873 394; x_wconf 88' lang='lat' dir='ltr'>ex</span> <span class='ocrx_word' id='word_1_20' title='bbox 893 342 1041 397; x_wconf 90' lang='lat' dir='ltr'>contractu</span> <span class='ocrx_word' id='word_1_21' title='bbox 1057 340 1105 398; x_wconf 92' lang='lat' dir='ltr'>hic</span> <span class='ocrx_word' id='word_1_22' title='bbox 1123 361 1161 398; x_wconf 86' lang='lat' dir='ltr'>ex</span> 
     </span>
     <span class='ocr_line' id='line_1_4' title="bbox 112 415 1160 490; baseline 0.001 -14"><span class='ocrx_word' id='word_1_23' title='bbox 112 417 291 476; x_wconf 79' lang='lat' dir='ltr'>concessione</span> <span class='ocrx_word' id='word_1_24' title='bbox 310 415 462 490; x_wconf 83' lang='lat' dir='ltr'>possessori</span> <span class='ocrx_word' id='word_1_25' title='bbox 482 416 652 489; x_wconf 78' lang='lat' dir='ltr'><strong>obtingeret.</strong></span> <span class='ocrx_word' id='word_1_26' title='bbox 695 417 808 475; x_wconf 78' lang='lat' dir='ltr'>(latera</span> <span class='ocrx_word' id='word_1_27' title='bbox 826 436 924 474; x_wconf 88' lang='lat' dir='ltr'>rerum</span> <span class='ocrx_word' id='word_1_28' title='bbox 943 417 1072 475; x_wconf 82' lang='lat' dir='ltr'>civilium</span> <span class='ocrx_word' id='word_1_29' title='bbox 1086 420 1160 477; x_wconf 90' lang='lat' dir='ltr'>ratio</span> 
     </span>
     <span class='ocr_line' id='line_1_5' title="bbox 112 495 1159 572; baseline 0 -17"><span class='ocrx_word' id='word_1_30' title='bbox 112 496 240 555; x_wconf 89' lang='lat' dir='ltr'>breviter</span> <span class='ocrx_word' id='word_1_31' title='bbox 266 495 485 571; x_wconf 83' lang='lat' dir='ltr'>perstringetur,</span> <span class='ocrx_word' id='word_1_32' title='bbox 515 513 656 552; x_wconf 88' lang='lat' dir='ltr'>summam</span> <span class='ocrx_word' id='word_1_33' title='bbox 682 496 724 553; x_wconf 91' lang='lat' dir='ltr'>rei</span> <span class='ocrx_word' id='word_1_34' title='bbox 749 496 907 572; x_wconf 86' lang='lat' dir='ltr'>expendere</span> <span class='ocrx_word' id='word_1_35' title='bbox 930 495 1054 570; x_wconf 83' lang='lat' dir='ltr'>juvabit,</span> <span class='ocrx_word' id='word_1_36' title='bbox 1084 517 1159 555; x_wconf 86' lang='lat' dir='ltr'>corn-</span> 
     </span>
     <span class='ocr_line' id='line_1_6' title="bbox 112 573 1161 648; baseline 0.003 -16"><span class='ocrx_word' id='word_1_37' title='bbox 112 593 269 632; x_wconf 90' lang='lat' dir='ltr'>memorare</span> <span class='ocrx_word' id='word_1_38' title='bbox 288 574 372 631; x_wconf 91' lang='lat' dir='ltr'>modo</span> <span class='ocrx_word' id='word_1_39' title='bbox 393 573 515 648; x_wconf 74' lang='lat' dir='ltr'>singula,</span> <span class='ocrx_word' id='word_1_40' title='bbox 538 577 590 632; x_wconf 89' lang='lat' dir='ltr'>aut</span> <span class='ocrx_word' id='word_1_41' title='bbox 610 573 705 632; x_wconf 90' lang='lat' dir='ltr'>omnia</span> <span class='ocrx_word' id='word_1_42' title='bbox 723 575 800 632; x_wconf 92' lang='lat' dir='ltr'>enim</span> <span class='ocrx_word' id='word_1_43' title='bbox 824 578 875 632; x_wconf 91' lang='lat' dir='ltr'>aut</span> <span class='ocrx_word' id='word_1_44' title='bbox 894 576 976 632; x_wconf 89' lang='lat' dir='ltr'>nulla</span> <span class='ocrx_word' id='word_1_45' title='bbox 995 575 1058 632; x_wconf 86' lang='lat' dir='ltr'>fuse</span> <span class='ocrx_word' id='word_1_46' title='bbox 1079 585 1161 636; x_wconf 88' lang='lat' dir='ltr'>erant</span> 
     </span>
     <span class='ocr_line' id='line_1_7' title="bbox 111 652 1160 728; baseline 0.001 -17"><span class='ocrx_word' id='word_1_47' title='bbox 111 654 242 712; x_wconf 81' lang='lat' dir='ltr'>dicenda.</span> <span class='ocrx_word' id='word_1_48' title='bbox 284 653 322 710; x_wconf 89' lang='lat' dir='ltr'>In</span> <span class='ocrx_word' id='word_1_49' title='bbox 348 652 515 710; x_wconf 88' lang='lat' dir='ltr'>universum</span> <span class='ocrx_word' id='word_1_50' title='bbox 542 653 663 722; x_wconf 92' lang='lat' dir='ltr'>censuit,</span> <span class='ocrx_word' id='word_1_51' title='bbox 691 655 842 728; x_wconf 77' lang='lat' dir='ltr'>scriptores</span> <span class='ocrx_word' id='word_1_52' title='bbox 868 653 900 710; x_wconf 91' lang='lat' dir='ltr'>in</span> <span class='ocrx_word' id='word_1_53' title='bbox 926 654 1046 728; x_wconf 88' lang='lat' dir='ltr'>septimo</span> <span class='ocrx_word' id='word_1_54' title='bbox 1073 655 1160 714; x_wconf 88' lang='lat' dir='ltr'>Urbis</span> 
     </span>
     <span class='ocr_line' id='line_1_8' title="bbox 111 731 1159 807; baseline 0.001 -17"><span class='ocrx_word' id='word_1_55' title='bbox 111 733 216 790; x_wconf 80' lang='lat' dir='ltr'>saeculo</span> <span class='ocrx_word' id='word_1_56' title='bbox 241 736 403 790; x_wconf 89' lang='lat' dir='ltr'>accuratam</span> <span class='ocrx_word' id='word_1_57' title='bbox 426 731 557 788; x_wconf 84' lang='lat' dir='ltr'>civilium</span> <span class='ocrx_word' id='word_1_58' title='bbox 580 733 714 790; x_wconf 88' lang='lat' dir='ltr'>notitiam</span> <span class='ocrx_word' id='word_1_59' title='bbox 738 733 842 790; x_wconf 90' lang='lat' dir='ltr'>habere</span> <span class='ocrx_word' id='word_1_60' title='bbox 862 732 998 807; x_wconf 84' lang='lat' dir='ltr'>potuisse,</span> <span class='ocrx_word' id='word_1_61' title='bbox 1025 733 1159 792; x_wconf 87' lang='lat' dir='ltr'>habuisse</span> 
     </span>
     <span class='ocr_line' id='line_1_9' title="bbox 110 811 1158 884; baseline 0.003 -17"><span class='ocrx_word' id='word_1_62' title='bbox 110 811 282 882; x_wconf 85' lang='lat' dir='ltr'>nonnullos3</span> <span class='ocrx_word' id='word_1_63' title='bbox 302 811 371 867; x_wconf 93' lang='lat' dir='ltr'>dum</span> <span class='ocrx_word' id='word_1_64' title='bbox 384 829 479 868; x_wconf 90' lang='lat' dir='ltr'>rerum</span> <span class='ocrx_word' id='word_1_65' title='bbox 493 817 638 884; x_wconf 84' lang='lat' dir='ltr'>gestarum</span> <span class='ocrx_word' id='word_1_66' title='bbox 647 814 740 869; x_wconf 85' lang='lat' dir='ltr'>turbae</span> <span class='ocrx_word' id='word_1_67' title='bbox 752 814 834 868; x_wconf 87' lang='lat' dir='ltr'>tante</span> <span class='ocrx_word' id='word_1_68' title='bbox 848 815 942 869; x_wconf 88' lang='lat' dir='ltr'>esseut</span> <span class='ocrx_word' id='word_1_69' title='bbox 956 815 989 870; x_wconf 92' lang='lat' dir='ltr'>ut</span> <span class='ocrx_word' id='word_1_70' title='bbox 1002 811 1055 869; x_wconf 85' lang='lat' dir='ltr'>vix</span> <span class='ocrx_word' id='word_1_71' title='bbox 1067 812 1158 870; x_wconf 91' lang='lat' dir='ltr'>levari</span> 
     </span>
     <span class='ocr_line' id='line_1_10' title="bbox 113 889 1158 966; baseline 0.002 -20"><span class='ocrx_word' id='word_1_72' title='bbox 113 890 240 966; x_wconf 77' lang='lat' dir='ltr'>quirent,</span> <span class='ocrx_word' id='word_1_73' title='bbox 260 889 367 946; x_wconf 92' lang='lat' dir='ltr'>nedum</span> <span class='ocrx_word' id='word_1_74' title='bbox 386 889 461 947; x_wconf 90' lang='lat' dir='ltr'>tolli.</span> <span class='ocrx_word' id='word_1_75' title='bbox 503 890 603 966; x_wconf 89' lang='lat' dir='ltr'>Hujus</span> <span class='ocrx_word' id='word_1_76' title='bbox 623 891 735 948; x_wconf 79' lang='lat' dir='ltr'>notitiae</span> <span class='ocrx_word' id='word_1_77' title='bbox 755 891 849 948; x_wconf 83' lang='lat' dir='ltr'>fontes</span> <span class='ocrx_word' id='word_1_78' title='bbox 863 891 934 947; x_wconf 91' lang='lat' dir='ltr'>duos</span> <span class='ocrx_word' id='word_1_79' title='bbox 953 891 1059 966; x_wconf 89' lang='lat' dir='ltr'>posuit,</span> <span class='ocrx_word' id='word_1_80' title='bbox 1076 911 1158 949; x_wconf 92' lang='lat' dir='ltr'>accu-</span> 
     </span>
     <span class='ocr_line' id='line_1_11' title="bbox 112 968 1160 1044; baseline 0.002 -19"><span class='ocrx_word' id='word_1_81' title='bbox 112 978 175 1025; x_wconf 88' lang='lat' dir='ltr'>rate</span> <span class='ocrx_word' id='word_1_82' title='bbox 189 971 346 1025; x_wconf 86' lang='lat' dir='ltr'>asservatas</span> <span class='ocrx_word' id='word_1_83' title='bbox 358 968 436 1042; x_wconf 85' lang='lat' dir='ltr'>leges</span> <span class='ocrx_word' id='word_1_84' title='bbox 449 971 479 1026; x_wconf 90' lang='lat' dir='ltr'>et</span> <span class='ocrx_word' id='word_1_85' title='bbox 491 969 629 1026; x_wconf 82' lang='lat' dir='ltr'>formulas</span> <span class='ocrx_word' id='word_1_86' title='bbox 643 970 796 1039; x_wconf 90' lang='lat' dir='ltr'>actionum,</span> <span class='ocrx_word' id='word_1_87' title='bbox 811 976 969 1044; x_wconf 75' lang='lat' dir='ltr'>caeteraque</span> <span class='ocrx_word' id='word_1_88' title='bbox 984 969 1160 1044; x_wconf 89' lang='lat' dir='ltr'>transigendi</span> 
     </span>
     <span class='ocr_line' id='line_1_12' title="bbox 112 1046 1160 1124; baseline 0.003 -22"><span class='ocrx_word' id='word_1_89' title='bbox 112 1046 294 1104; x_wconf 79' lang='lat' dir='ltr'>immutatam</span> <span class='ocrx_word' id='word_1_90' title='bbox 315 1049 373 1104; x_wconf 87' lang='lat' dir='ltr'>fere</span> <span class='ocrx_word' id='word_1_91' title='bbox 386 1066 531 1118; x_wconf 91' lang='lat' dir='ltr'>normam;</span> <span class='ocrx_word' id='word_1_92' title='bbox 553 1046 681 1124; x_wconf 89' lang='lat' dir='ltr'>quinque</span> <span class='ocrx_word' id='word_1_93' title='bbox 701 1067 755 1122; x_wconf 83' lang='lat' dir='ltr'>eg.</span> <span class='ocrx_word' id='word_1_94' title='bbox 777 1048 943 1106; x_wconf 87' lang='lat' dir='ltr'>testamenti</span> <span class='ocrx_word' id='word_1_95' title='bbox 962 1051 1050 1106; x_wconf 91' lang='lat' dir='ltr'>testes</span> <span class='ocrx_word' id='word_1_96' title='bbox 1068 1069 1106 1106; x_wconf 85' lang='lat' dir='ltr'>ex</span> <span class='ocrx_word' id='word_1_97' title='bbox 1123 1048 1160 1106; x_wconf 93' lang='lat' dir='ltr'>iis</span> 
     </span>
     <span class='ocr_line' id='line_1_13' title="bbox 111 1125 1159 1202; baseline 0.002 -19"><span class='ocrx_word' id='word_1_98' title='bbox 111 1126 290 1200; x_wconf 81' lang='lat' dir='ltr'>temporibus</span> <span class='ocrx_word' id='word_1_99' title='bbox 310 1125 487 1182; x_wconf 82' lang='lat' dir='ltr'>descendisse</span> <span class='ocrx_word' id='word_1_100' title='bbox 511 1145 602 1202; x_wconf 92' lang='lat' dir='ltr'>quum</span> <span class='ocrx_word' id='word_1_101' title='bbox 622 1145 680 1183; x_wconf 89' lang='lat' dir='ltr'>non</span> <span class='ocrx_word' id='word_1_102' title='bbox 700 1127 758 1183; x_wconf 91' lang='lat' dir='ltr'>nisi</span> <span class='ocrx_word' id='word_1_103' title='bbox 779 1145 831 1201; x_wconf 87' lang='lat' dir='ltr'>per</span> <span class='ocrx_word' id='word_1_104' title='bbox 853 1126 947 1200; x_wconf 86' lang='lat' dir='ltr'>legem</span> <span class='ocrx_word' id='word_1_105' title='bbox 968 1127 1159 1185; x_wconf 80' lang='lat' dir='ltr'>centuriatum</span> 
     </span>
     <span class='ocr_line' id='line_1_14' title="bbox 111 1203 1159 1282; baseline 0.003 -21"><span class='ocrx_word' id='word_1_106' title='bbox 111 1203 212 1262; x_wconf 89' lang='lat' dir='ltr'>testari</span> <span class='ocrx_word' id='word_1_107' title='bbox 227 1204 371 1274; x_wconf 90' lang='lat' dir='ltr'>licuisset;</span> <span class='ocrx_word' id='word_1_108' title='bbox 393 1203 481 1261; x_wconf 91' lang='lat' dir='ltr'>immo</span> <span class='ocrx_word' id='word_1_109' title='bbox 499 1205 592 1262; x_wconf 88' lang='lat' dir='ltr'>multa</span> <span class='ocrx_word' id='word_1_110' title='bbox 610 1205 715 1282; x_wconf 86' lang='lat' dir='ltr'>majore</span> <span class='ocrx_word' id='word_1_111' title='bbox 735 1205 791 1262; x_wconf 88' lang='lat' dir='ltr'>fide</span> <span class='ocrx_word' id='word_1_112' title='bbox 811 1223 857 1262; x_wconf 90' lang='lat' dir='ltr'>res</span> <span class='ocrx_word' id='word_1_113' title='bbox 875 1205 974 1263; x_wconf 85' lang='lat' dir='ltr'>civiles</span> <span class='ocrx_word' id='word_1_114' title='bbox 993 1207 1112 1264; x_wconf 90' lang='lat' dir='ltr'>traditas</span> <span class='ocrx_word' id='word_1_115' title='bbox 1126 1226 1159 1264; x_wconf 91' lang='lat' dir='ltr'>eo</span> 
     </span>
     <span class='ocr_line' id='line_1_15' title="bbox 111 1283 1158 1361; baseline 0.003 -22"><span class='ocrx_word' id='word_1_116' title='bbox 111 1289 210 1358; x_wconf 86' lang='lat' dir='ltr'>patere</span> <span class='ocrx_word' id='word_1_117' title='bbox 230 1284 307 1358; x_wconf 88' lang='lat' dir='ltr'>quod</span> <span class='ocrx_word' id='word_1_118' title='bbox 329 1283 422 1340; x_wconf 90' lang='lat' dir='ltr'>multo</span> <span class='ocrx_word' id='word_1_119' title='bbox 445 1283 572 1342; x_wconf 80' lang='lat' dir='ltr'>feliciore</span> <span class='ocrx_word' id='word_1_120' title='bbox 593 1303 725 1342; x_wconf 89' lang='lat' dir='ltr'>successu</span> <span class='ocrx_word' id='word_1_121' title='bbox 751 1284 980 1352; x_wconf 86' lang='lat' dir='ltr'>restituerentur,</span> <span class='ocrx_word' id='word_1_122' title='bbox 1000 1284 1032 1341; x_wconf 92' lang='lat' dir='ltr'>in</span> <span class='ocrx_word' id='word_1_123' title='bbox 1052 1285 1158 1361; x_wconf 92' lang='lat' dir='ltr'>quibus</span> 
     </span>
     <span class='ocr_line' id='line_1_16' title="bbox 111 1361 1158 1440; baseline 0.004 -22"><span class='ocrx_word' id='word_1_124' title='bbox 111 1361 188 1418; x_wconf 89' lang='lat' dir='ltr'>nihil</span> <span class='ocrx_word' id='word_1_125' title='bbox 208 1362 378 1420; x_wconf 88' lang='lat' dir='ltr'>mutandum</span> <span class='ocrx_word' id='word_1_126' title='bbox 398 1362 482 1431; x_wconf 83' lang='lat' dir='ltr'>foret,</span> <span class='ocrx_word' id='word_1_127' title='bbox 502 1361 559 1420; x_wconf 89' lang='lat' dir='ltr'>nisi</span> <span class='ocrx_word' id='word_1_128' title='bbox 579 1363 656 1438; x_wconf 91' lang='lat' dir='ltr'>quod</span> <span class='ocrx_word' id='word_1_129' title='bbox 673 1363 779 1438; x_wconf 93' lang='lat' dir='ltr'>plebeii</span> <span class='ocrx_word' id='word_1_130' title='bbox 793 1363 870 1438; x_wconf 88' lang='lat' dir='ltr'>juris</span> <span class='ocrx_word' id='word_1_131' title='bbox 887 1383 920 1421; x_wconf 91' lang='lat' dir='ltr'>ac</span> <span class='ocrx_word' id='word_1_132' title='bbox 937 1363 1052 1439; x_wconf 88' lang='lat' dir='ltr'>patricii</span> <span class='ocrx_word' id='word_1_133' title='bbox 1070 1383 1158 1440; x_wconf 90' lang='lat' dir='ltr'>prave</span> 
     </span>
     <span class='ocr_line' id='line_1_17' title="bbox 114 1407 772 1516; baseline 0 -18"><span class='ocrx_word' id='word_1_134' title='bbox 114 1442 215 1498; x_wconf 90' lang='lat' dir='ltr'>abt</span> <span class='ocrx_word' id='word_1_135' title='bbox 164 1461 201 1498; x_wconf 88' lang='lat' dir='ltr'>an</span> <span class='ocrx_word' id='word_1_136' title='bbox 202 1440 291 1516; x_wconf 91' lang='lat' dir='ltr'>tiquis</span> <span class='ocrx_word' id='word_1_137' title='bbox 304 1440 447 1499; x_wconf 85' lang='lat' dir='ltr'>intellecti</span> <span class='ocrx_word' id='word_1_138' title='bbox 460 1407 591 1498; x_wconf 85' lang='lat' dir='ltr'>liabenda</span> <span class='ocrx_word' id='word_1_139' title='bbox 604 1450 678 1499; x_wconf 90' lang='lat' dir='ltr'>esset</span> <span class='ocrx_word' id='word_1_140' title='bbox 690 1442 772 1500; x_wconf 88' lang='lat' dir='ltr'>ratio.</span> 
     </span>
    </p>

    <p class='ocr_par' dir='ltr' id='par_1_4' title="bbox 107 1519 1237 3332">
     <span class='ocr_line' id='line_1_18' title="bbox 154 1519 1159 1612; baseline 0.003 -36"><span class='ocrx_word' id='word_1_141' title='bbox 154 1520 275 1594; x_wconf 84' lang='lat' dir='ltr'>Singula</span> <span class='ocrx_word' id='word_1_142' title='bbox 299 1519 432 1578; x_wconf 79' lang='lat' dir='ltr'>bifariam</span> <span class='ocrx_word' id='word_1_143' title='bbox 458 1519 560 1610; x_wconf 86' lang='lat' dir='ltr'>partiri</span> <span class='ocrx_word' id='word_1_144' title='bbox 580 1521 667 1590; x_wconf 78' lang='lat' dir='ltr'>libet3</span> <span class='ocrx_word' id='word_1_145' title='bbox 690 1541 778 1612; x_wconf 80' lang='lat' dir='ltr'>quum</span> <span class='ocrx_word' id='word_1_146' title='bbox 801 1540 884 1612; x_wconf 78' lang='lat' dir='ltr'>paene</span> <span class='ocrx_word' id='word_1_147' title='bbox 905 1524 984 1579; x_wconf 91' lang='lat' dir='ltr'>certa</span> <span class='ocrx_word' id='word_1_148' title='bbox 1006 1519 1159 1579; x_wconf 88' lang='lat' dir='ltr'>videantur</span> 
     </span>
     <span class='ocr_line' id='line_1_19' title="bbox 113 1597 1159 1676; baseline 0.002 -20"><span class='ocrx_word' id='word_1_149' title='bbox 113 1617 178 1675; x_wconf 88' lang='lat' dir='ltr'>quae</span> <span class='ocrx_word' id='word_1_150' title='bbox 192 1600 226 1656; x_wconf 89' lang='lat' dir='ltr'>dc</span> <span class='ocrx_word' id='word_1_151' title='bbox 239 1597 359 1673; x_wconf 86' lang='lat' dir='ltr'>plebeiis</span> <span class='ocrx_word' id='word_1_152' title='bbox 372 1599 502 1656; x_wconf 86' lang='lat' dir='ltr'>victoriis</span> <span class='ocrx_word' id='word_1_153' title='bbox 514 1600 649 1674; x_wconf 86' lang='lat' dir='ltr'>proferat,</span> <span class='ocrx_word' id='word_1_154' title='bbox 665 1599 791 1675; x_wconf 89' lang='lat' dir='ltr'>speciosa</span> <span class='ocrx_word' id='word_1_155' title='bbox 807 1600 894 1658; x_wconf 86' lang='lat' dir='ltr'>etiam</span> <span class='ocrx_word' id='word_1_156' title='bbox 909 1619 973 1676; x_wconf 82' lang='lat' dir='ltr'>quae</span> <span class='ocrx_word' id='word_1_157' title='bbox 993 1599 1090 1658; x_wconf 90' lang='lat' dir='ltr'>deint</span> <span class='ocrx_word' id='word_1_158' title='bbox 1045 1603 1159 1658; x_wconf 81' lang='lat' dir='ltr'>interno</span> 
     </span>
     <span class='ocr_line' id='line_1_20' title="bbox 111 1677 1160 1755; baseline 0.004 -21"><span class='ocrx_word' id='word_1_159' title='bbox 111 1685 226 1754; x_wconf 85' lang='lat' dir='ltr'>patrum</span> <span class='ocrx_word' id='word_1_160' title='bbox 240 1677 339 1734; x_wconf 88' lang='lat' dir='ltr'>ordine</span> <span class='ocrx_word' id='word_1_161' title='bbox 341 1677 458 1752; x_wconf 86' lang='lat' dir='ltr'>,dignit</span> <span class='ocrx_word' id='word_1_162' title='bbox 445 1681 514 1746; x_wconf 90' lang='lat' dir='ltr'>t,ate</span> <span class='ocrx_word' id='word_1_163' title='bbox 528 1678 586 1735; x_wconf 85' lang='lat' dir='ltr'>fact</span> <span class='ocrx_word' id='word_1_164' title='bbox 587 1677 708 1736; x_wconf 90' lang='lat' dir='ltr'>ionibus.</span> <span class='ocrx_word' id='word_1_165' title='bbox 742 1680 835 1738; x_wconf 87' lang='lat' dir='ltr'>Nemo</span> <span class='ocrx_word' id='word_1_166' title='bbox 848 1698 924 1750; x_wconf 89' lang='lat' dir='ltr'>sane,</span> <span class='ocrx_word' id='word_1_167' title='bbox 941 1699 992 1755; x_wconf 90' lang='lat' dir='ltr'>qur</span> <span class='ocrx_word' id='word_1_168' title='bbox 983 1678 1136 1753; x_wconf 87' lang='lat' dir='ltr'>&#39;aliquid</span> <span class='ocrx_word' id='word_1_169' title='bbox 1127 1699 1160 1738; x_wconf 91' lang='grc' dir='ltr'>ιιι</span> 
     </span>
     <span class='ocr_line' id='line_1_21' title="bbox 111 1722 1157 1833; baseline 0 -19"><span class='ocrx_word' id='word_1_170' title='bbox 111 1759 196 1815; x_wconf 89' lang='lat' dir='ltr'>rebus</span> <span class='ocrx_word' id='word_1_171' title='bbox 211 1722 412 1814; x_wconf 62' lang='lat' dir='ltr'>Romanis’t</span> <span class='ocrx_word' id='word_1_172' title='bbox 362 1765 412 1814; x_wconf 88' lang='lat' dir='ltr'>ant</span> <span class='ocrx_word' id='word_1_173' title='bbox 413 1776 428 1813; x_wconf 89' lang='grc' dir='ltr'>ι</span> <span class='ocrx_word' id='word_1_174' title='bbox 441 1722 585 1832; x_wconf 81' lang='lat' dir='ltr'>Pyrihum</span> <span class='ocrx_word' id='word_1_175' title='bbox 607 1760 658 1814; x_wconf 89' lang='lat' dir='ltr'>aut</span> <span class='ocrx_word' id='word_1_176' title='bbox 676 1758 786 1816; x_wconf 91' lang='lat' dir='ltr'>Punica</span> <span class='ocrx_word' id='word_1_177' title='bbox 804 1758 895 1815; x_wconf 89' lang='lat' dir='ltr'>fidum</span> <span class='ocrx_word' id='word_1_178' title='bbox 915 1723 1020 1817; x_wconf 83' lang='lat' dir='ltr'>lrabeat</span> <span class='ocrx_word' id='word_1_179' title='bbox 1020 1802 1027 1828; x_wconf 98' lang='lat'>,</span> <span class='ocrx_word' id='word_1_180' title='bbox 1043 1757 1157 1833; x_wconf 90' lang='lat' dir='ltr'>plebem</span> 
     </span>
     <span class='ocr_line' id='line_1_22' title="bbox 111 1835 1158 1912; baseline 0.001 -19"><span class='ocrx_word' id='word_1_181' title='bbox 111 1835 257 1894; x_wconf 82' lang='lat' dir='ltr'>dubitabit</span> <span class='ocrx_word' id='word_1_182' title='bbox 277 1835 403 1893; x_wconf 87' lang='lat' dir='ltr'>tribunis</span> <span class='ocrx_word' id='word_1_183' title='bbox 421 1835 515 1910; x_wconf 90' lang='lat' dir='ltr'>primo</span> <span class='ocrx_word' id='word_1_184' title='bbox 535 1840 634 1893; x_wconf 88' lang='lat' dir='ltr'>contra</span> <span class='ocrx_word' id='word_1_185' title='bbox 653 1835 800 1895; x_wconf 88' lang='lat' dir='ltr'>licentiam</span> <span class='ocrx_word' id='word_1_186' title='bbox 820 1836 1019 1912; x_wconf 85' lang='lat' dir='ltr'>malitiamque</span> <span class='ocrx_word' id='word_1_187' title='bbox 1041 1839 1158 1912; x_wconf 88' lang='lat' dir='ltr'>patrum</span> 
     </span>
     <span class='ocr_line' id='line_1_23' title="bbox 110 1913 1158 1992; baseline 0 -20"><span class='ocrx_word' id='word_1_188' title='bbox 110 1919 214 1982; x_wconf 90' lang='lat' dir='ltr'>tutam,</span> <span class='ocrx_word' id='word_1_189' title='bbox 228 1913 330 1971; x_wconf 90' lang='lat' dir='ltr'>deinde</span> <span class='ocrx_word' id='word_1_190' title='bbox 352 1914 443 1972; x_wconf 92' lang='lat' dir='ltr'>nobili</span> <span class='ocrx_word' id='word_1_191' title='bbox 456 1915 606 1972; x_wconf 87' lang='lat' dir='ltr'>Voleronis</span> <span class='ocrx_word' id='word_1_192' title='bbox 629 1916 747 1973; x_wconf 88' lang='lat' dir='ltr'>audacia</span> <span class='ocrx_word' id='word_1_193' title='bbox 764 1916 813 1992; x_wconf 89' lang='lat' dir='ltr'>jus</span> <span class='ocrx_word' id='word_1_194' title='bbox 837 1935 887 1973; x_wconf 92' lang='lat' dir='ltr'>sua</span> <span class='ocrx_word' id='word_1_195' title='bbox 910 1916 1057 1972; x_wconf 91' lang='lat' dir='ltr'>commoda</span> <span class='ocrx_word' id='word_1_196' title='bbox 1075 1915 1158 1990; x_wconf 87' lang='lat' dir='ltr'>flagi-</span> 
     </span>
     <span class='ocr_line' id='line_1_24' title="bbox 112 1993 1157 2070; baseline 0 -20"><span class='ocrx_word' id='word_1_197' title='bbox 112 1993 194 2050; x_wconf 88' lang='lat' dir='ltr'>tandi</span> <span class='ocrx_word' id='word_1_198' title='bbox 208 1993 349 2067; x_wconf 87' lang='lat' dir='ltr'>adeptam,</span> <span class='ocrx_word' id='word_1_199' title='bbox 360 1993 480 2050; x_wconf 88' lang='lat' dir='ltr'>nimiam</span> <span class='ocrx_word' id='word_1_200' title='bbox 490 1993 639 2050; x_wconf 89' lang='lat' dir='ltr'>consulum</span> <span class='ocrx_word' id='word_1_201' title='bbox 652 1995 820 2068; x_wconf 88' lang='lat' dir='ltr'>potentiam,</span> <span class='ocrx_word' id='word_1_202' title='bbox 832 1994 864 2051; x_wconf 92' lang='lat' dir='ltr'>in</span> <span class='ocrx_word' id='word_1_203' title='bbox 875 2015 931 2070; x_wconf 88' lang='lat' dir='ltr'>qua</span> <span class='ocrx_word' id='word_1_204' title='bbox 941 1999 1056 2069; x_wconf 90' lang='lat' dir='ltr'>patrum</span> <span class='ocrx_word' id='word_1_205' title='bbox 1067 1993 1157 2051; x_wconf 93' lang='lat' dir='ltr'>domi-</span> 
     </span>
     <span class='ocr_line' id='line_1_25' title="bbox 110 2071 1156 2148; baseline 0.003 -20"><span class='ocrx_word' id='word_1_206' title='bbox 110 2071 222 2128; x_wconf 86' lang='lat' dir='ltr'>nationi</span> <span class='ocrx_word' id='word_1_207' title='bbox 245 2089 298 2127; x_wconf 87' lang='lat' dir='ltr'>arx</span> <span class='ocrx_word' id='word_1_208' title='bbox 319 2071 491 2144; x_wconf 86' lang='lat' dir='ltr'>firmissima,</span> <span class='ocrx_word' id='word_1_209' title='bbox 505 2071 611 2148; x_wconf 86' lang='lat' dir='ltr'>partito</span> <span class='ocrx_word' id='word_1_210' title='bbox 631 2072 708 2130; x_wconf 86' lang='lat' dir='ltr'>inter</span> <span class='ocrx_word' id='word_1_211' title='bbox 720 2073 895 2131; x_wconf 86' lang='lat' dir='ltr'>decemviros</span> <span class='ocrx_word' id='word_1_212' title='bbox 918 2073 1024 2130; x_wconf 91' lang='lat' dir='ltr'>honore</span> <span class='ocrx_word' id='word_1_213' title='bbox 1047 2092 1080 2130; x_wconf 90' lang='lat' dir='ltr'>ac</span> <span class='ocrx_word' id='word_1_214' title='bbox 1103 2073 1156 2131; x_wconf 86' lang='lat' dir='ltr'>tri·</span> 
     </span>
     <span class='ocr_line' id='line_1_26' title="bbox 107 2149 1157 2228; baseline 0.001 -19"><span class='ocrx_word' id='word_1_215' title='bbox 107 2151 199 2209; x_wconf 92' lang='lat' dir='ltr'>bunos</span> <span class='ocrx_word' id='word_1_216' title='bbox 211 2149 371 2207; x_wconf 87' lang='lat' dir='ltr'>consulares</span> <span class='ocrx_word' id='word_1_217' title='bbox 384 2150 543 2224; x_wconf 87' lang='lat' dir='ltr'>infractam,</span> <span class='ocrx_word' id='word_1_218' title='bbox 555 2158 584 2208; x_wconf 91' lang='lat' dir='ltr'>et</span> <span class='ocrx_word' id='word_1_219' title='bbox 597 2149 628 2210; x_wconf 92' lang='lat' dir='ltr'>iu</span> <span class='ocrx_word' id='word_1_220' title='bbox 641 2156 811 2228; x_wconf 87' lang='lat' dir='ltr'>perpetuum</span> <span class='ocrx_word' id='word_1_221' title='bbox 821 2153 906 2209; x_wconf 90' lang='lat' dir='ltr'>illum</span> <span class='ocrx_word' id='word_1_222' title='bbox 916 2151 1083 2208; x_wconf 90' lang='lat' dir='ltr'>institutum</span> <span class='ocrx_word' id='word_1_223' title='bbox 1097 2171 1157 2210; x_wconf 88' lang='lat' dir='ltr'>esse</span> 
     </span>
     <span class='ocr_line' id='line_1_27' title="bbox 109 2229 1156 2307; baseline 0.002 -21"><span class='ocrx_word' id='word_1_224' title='bbox 109 2229 319 2302; x_wconf 85' lang='lat' dir='ltr'>magistratum,</span> <span class='ocrx_word' id='word_1_225' title='bbox 332 2229 408 2304; x_wconf 92' lang='lat' dir='ltr'>quod</span> <span class='ocrx_word' id='word_1_226' title='bbox 421 2249 459 2286; x_wconf 80' lang='lat' dir='ltr'>ex</span> <span class='ocrx_word' id='word_1_227' title='bbox 472 2233 534 2304; x_wconf 84' lang='lat' dir='ltr'>lege</span> <span class='ocrx_word' id='word_1_228' title='bbox 548 2229 673 2288; x_wconf 91' lang='lat' dir='ltr'>Horatia</span> <span class='ocrx_word' id='word_1_229' title='bbox 685 2235 792 2307; x_wconf 90' lang='lat' dir='ltr'>patere,</span> <span class='ocrx_word' id='word_1_230' title='bbox 809 2231 911 2288; x_wconf 92' lang='lat' dir='ltr'>deinde</span> <span class='ocrx_word' id='word_1_231' title='bbox 924 2229 1076 2305; x_wconf 78' lang='lat' dir='ltr'>paullatim</span> <span class='ocrx_word' id='word_1_232' title='bbox 1090 2249 1156 2288; x_wconf 90' lang='lat' dir='ltr'>cum</span> 
     </span>
     <span class='ocr_line' id='line_1_28' title="bbox 109 2308 1156 2385; baseline 0.003 -21"><span class='ocrx_word' id='word_1_233' title='bbox 109 2309 193 2384; x_wconf 90' lang='lat' dir='ltr'>plebe</span> <span class='ocrx_word' id='word_1_234' title='bbox 213 2309 420 2366; x_wconf 88' lang='lat' dir='ltr'>communicata</span> <span class='ocrx_word' id='word_1_235' title='bbox 440 2308 536 2366; x_wconf 88' lang='lat' dir='ltr'>omnia</span> <span class='ocrx_word' id='word_1_236' title='bbox 555 2309 644 2366; x_wconf 90' lang='lat' dir='ltr'>donec</span> <span class='ocrx_word' id='word_1_237' title='bbox 661 2316 727 2385; x_wconf 90' lang='lat' dir='ltr'>post</span> <span class='ocrx_word' id='word_1_238' title='bbox 739 2309 922 2368; x_wconf 83' lang='lat' dir='ltr'>Hortensium</span> <span class='ocrx_word' id='word_1_239' title='bbox 936 2309 1031 2382; x_wconf 87' lang='lat' dir='ltr'>legem</span> <span class='ocrx_word' id='word_1_240' title='bbox 1044 2328 1156 2367; x_wconf 89' lang='lat' dir='ltr'>summa</span> 
     </span>
     <span class='ocr_line' id='line_1_29' title="bbox 109 2387 1156 2479; baseline 0.003 -35"><span class='ocrx_word' id='word_1_241' title='bbox 109 2405 206 2444; x_wconf 90' lang='lat' dir='ltr'>rerum</span> <span class='ocrx_word' id='word_1_242' title='bbox 219 2404 305 2462; x_wconf 92' lang='lat' dir='ltr'>penes</span> <span class='ocrx_word' id='word_1_243' title='bbox 322 2387 435 2462; x_wconf 88' lang='lat' dir='ltr'>plebem</span> <span class='ocrx_word' id='word_1_244' title='bbox 452 2387 658 2479; x_wconf 85' lang='lat' dir='ltr'>tribunosque</span> <span class='ocrx_word' id='word_1_245' title='bbox 656 2389 780 2459; x_wconf 85' lang='lat' dir='ltr'>cesserit,</span> <span class='ocrx_word' id='word_1_246' title='bbox 797 2390 864 2446; x_wconf 92' lang='lat' dir='ltr'>dum</span> <span class='ocrx_word' id='word_1_247' title='bbox 882 2407 1028 2464; x_wconf 90' lang='lat' dir='ltr'>pauperes,</span> <span class='ocrx_word' id='word_1_248' title='bbox 1042 2397 1076 2446; x_wconf 90' lang='lat' dir='ltr'>ut</span> <span class='ocrx_word' id='word_1_249' title='bbox 1064 2395 1156 2447; x_wconf 90' lang='lat' dir='ltr'>tante</span> 
     </span>
     <span class='ocr_line' id='line_1_30' title="bbox 109 2466 1155 2603; baseline 0.003 -80"><span class='ocrx_word' id='word_1_250' title='bbox 109 2472 224 2540; x_wconf 88' lang='lat' dir='ltr'>patrum</span> <span class='ocrx_word' id='word_1_251' title='bbox 248 2485 324 2523; x_wconf 90' lang='lat' dir='ltr'>nuno</span> <span class='ocrx_word' id='word_1_252' title='bbox 344 2485 426 2540; x_wconf 89' lang='lat' dir='ltr'>pares</span> <span class='ocrx_word' id='word_1_253' title='bbox 446 2466 630 2542; x_wconf 81' lang='lat' dir='ltr'>optimatium</span> <span class='ocrx_word' id='word_1_254' title='bbox 650 2467 770 2544; x_wconf 84' lang='lat' dir='ltr'>injurias</span> <span class='ocrx_word' id='word_1_255' title='bbox 791 2474 942 2603; x_wconf 88' lang='lat' dir='ltr'>quererent</span> <span class='ocrx_word' id='word_1_256' title='bbox 944 2485 987 2526; x_wconf 92' lang='lat' dir='ltr'>ur.</span> <span class='ocrx_word' id='word_1_257' title='bbox 1030 2469 1071 2524; x_wconf 86' lang='lat' dir='ltr'>At</span> <span class='ocrx_word' id='word_1_258' title='bbox 1091 2489 1155 2544; x_wconf 76' lang='lat' dir='ltr'>qum</span> 
     </span>
     <span class='ocr_line' id='line_1_31' title="bbox 108 2543 1151 2622; baseline 0.004 -21"><span class='ocrx_word' id='word_1_259' title='bbox 108 2545 144 2602; x_wconf 91' lang='lat' dir='ltr'>de</span> <span class='ocrx_word' id='word_1_260' title='bbox 158 2543 287 2620; x_wconf 89' lang='lat' dir='ltr'>patribus</span> <span class='ocrx_word' id='word_1_261' title='bbox 301 2544 428 2616; x_wconf 87' lang='lat' dir='ltr'>disserat,</span> <span class='ocrx_word' id='word_1_262' title='bbox 444 2551 496 2604; x_wconf 89' lang='lat' dir='ltr'>aut</span> <span class='ocrx_word' id='word_1_263' title='bbox 515 2547 622 2621; x_wconf 85' lang='lat' dir='ltr'>partito</span> <span class='ocrx_word' id='word_1_264' title='bbox 636 2545 712 2604; x_wconf 88' lang='lat' dir='ltr'>inter</span> <span class='ocrx_word' id='word_1_265' title='bbox 723 2547 816 2605; x_wconf 88' lang='lat' dir='ltr'>tribus</span> <span class='ocrx_word' id='word_1_266' title='bbox 838 2551 888 2622; x_wconf 87' lang='lat' dir='ltr'>pat</span> <span class='ocrx_word' id='word_1_267' title='bbox 889 2545 972 2602; x_wconf 83' lang='lat' dir='ltr'>ricius</span> <span class='ocrx_word' id='word_1_268' title='bbox 993 2547 1143 2604; x_wconf 85' lang='lat' dir='ltr'>consulatu</span> <span class='ocrx_word' id='word_1_269' title='bbox 1123 2569 1151 2619; x_wconf 93' lang='lat' dir='ltr'>u,</span> 
     </span>
     <span class='ocr_line' id='line_1_32' title="bbox 107 2623 1153 2700; baseline 0.003 -19"><span class='ocrx_word' id='word_1_270' title='bbox 107 2623 241 2682; x_wconf 84' lang='lat' dir='ltr'>Fabiisve</span> <span class='ocrx_word' id='word_1_271' title='bbox 254 2641 306 2697; x_wconf 91' lang='lat' dir='ltr'>pro</span> <span class='ocrx_word' id='word_1_272' title='bbox 320 2623 496 2682; x_wconf 78' lang='lat' dir='ltr'>Titiensibus</span> <span class='ocrx_word' id='word_1_273' title='bbox 510 2631 618 2700; x_wconf 90' lang='lat' dir='ltr'>septem</span> <span class='ocrx_word' id='word_1_274' title='bbox 633 2644 721 2682; x_wconf 90' lang='lat' dir='ltr'>annos</span> <span class='ocrx_word' id='word_1_275' title='bbox 734 2645 865 2683; x_wconf 89' lang='lat' dir='ltr'>concesso</span> <span class='ocrx_word' id='word_1_276' title='bbox 867 2644 1008 2700; x_wconf 73' lang='lat' dir='ltr'>,quaeque</span> <span class='ocrx_word' id='word_1_277' title='bbox 1027 2625 1063 2682; x_wconf 90' lang='lat' dir='ltr'>de</span> <span class='ocrx_word' id='word_1_278' title='bbox 1083 2645 1153 2700; x_wconf 84' lang='lat' dir='ltr'>gen-</span> 
     </span>
     <span class='ocr_line' id='line_1_33' title="bbox 108 2701 1237 2783; baseline 0.003 -22"><span class='ocrx_word' id='word_1_279' title='bbox 108 2702 187 2761; x_wconf 88' lang='lat' dir='ltr'>tibus</span> <span class='ocrx_word' id='word_1_280' title='bbox 209 2701 367 2760; x_wconf 84' lang='lat' dir='ltr'>minoribus</span> <span class='ocrx_word' id='word_1_281' title='bbox 388 2705 550 2775; x_wconf 88' lang='lat' dir='ltr'>contendat,</span> <span class='ocrx_word' id='word_1_282' title='bbox 567 2725 630 2783; x_wconf 86' lang='lat' dir='ltr'>quae</span> <span class='ocrx_word' id='word_1_283' title='bbox 651 2713 716 2779; x_wconf 90' lang='lat' dir='ltr'>post</span> <span class='ocrx_word' id='word_1_284' title='bbox 736 2704 857 2780; x_wconf 88' lang='lat' dir='ltr'>majores</span> <span class='ocrx_word' id='word_1_285' title='bbox 878 2703 1073 2778; x_wconf 82' lang='lat' dir='ltr'>suffragium</span> <span class='ocrx_word' id='word_1_286' title='bbox 1064 2724 1096 2761; x_wconf 92' lang='grc' dir='ltr'>ιιι</span> <span class='ocrx_word' id='word_1_287' title='bbox 1110 2725 1152 2763; x_wconf 92' lang='lat' dir='ltr'>se·</span> <span class='ocrx_word' id='word_1_288' title='bbox 1232 2727 1237 2736; x_wconf 93' lang='lat'>·</span> 
     </span>
     <span class='ocr_line' id='line_1_34' title="bbox 108 2781 1155 2858; baseline 0.004 -20"><span class='ocrx_word' id='word_1_289' title='bbox 108 2785 181 2840; x_wconf 90' lang='lat' dir='ltr'>natu</span> <span class='ocrx_word' id='word_1_290' title='bbox 192 2783 372 2840; x_wconf 84' lang='lat' dir='ltr'>tulissentet</span> <span class='ocrx_word' id='word_1_291' title='bbox 385 2801 450 2838; x_wconf 91' lang='lat' dir='ltr'>cum</span> <span class='ocrx_word' id='word_1_292' title='bbox 459 2781 623 2858; x_wconf 87' lang='lat' dir='ltr'>junioribus</span> <span class='ocrx_word' id='word_1_293' title='bbox 639 2787 753 2857; x_wconf 89' lang='lat' dir='ltr'>patrum</span> <span class='ocrx_word' id='word_1_294' title='bbox 769 2785 804 2840; x_wconf 90' lang='lat' dir='ltr'>ab</span> <span class='ocrx_word' id='word_1_295' title='bbox 818 2789 884 2840; x_wconf 89' lang='lat' dir='ltr'>auct</span> <span class='ocrx_word' id='word_1_296' title='bbox 872 2783 980 2841; x_wconf 89' lang='lat' dir='ltr'>toribus</span> <span class='ocrx_word' id='word_1_297' title='bbox 1000 2784 1155 2842; x_wconf 89' lang='lat' dir='ltr'>confunde-</span> 
     </span>
     <span class='ocr_line' id='line_1_35' title="bbox 107 2859 1153 2950; baseline 0.005 -33"><span class='ocrx_word' id='word_1_298' title='bbox 107 2865 217 2926; x_wconf 90' lang='lat' dir='ltr'>rentur,</span> <span class='ocrx_word' id='word_1_299' title='bbox 232 2881 266 2918; x_wconf 91' lang='lat' dir='ltr'>ea</span> <span class='ocrx_word' id='word_1_300' title='bbox 279 2859 395 2950; x_wconf 84' lang='lat' dir='ltr'>quidem</span> <span class='ocrx_word' id='word_1_301' title='bbox 408 2861 575 2920; x_wconf 88' lang='lat' dir='ltr'>verisimilia</span> <span class='ocrx_word' id='word_1_302' title='bbox 589 2870 657 2920; x_wconf 89' lang='lat' dir='ltr'>sunt</span> <span class='ocrx_word' id='word_1_303' title='bbox 670 2863 718 2920; x_wconf 89' lang='lat' dir='ltr'>sed</span> <span class='ocrx_word' id='word_1_304' title='bbox 731 2861 796 2920; x_wconf 89' lang='lat' dir='ltr'>test</span> <span class='ocrx_word' id='word_1_305' title='bbox 775 2861 904 2920; x_wconf 85' lang='lat' dir='ltr'>timoniis</span> <span class='ocrx_word' id='word_1_306' title='bbox 916 2881 1018 2938; x_wconf 91' lang='lat' dir='ltr'>parum</span> <span class='ocrx_word' id='word_1_307' title='bbox 1031 2862 1153 2934; x_wconf 90' lang='lat' dir='ltr'>munita,</span> 
     </span>
     <span class='ocr_line' id='line_1_36' title="bbox 108 2941 1154 3030; baseline 0.004 -34"><span class='ocrx_word' id='word_1_308' title='bbox 108 2959 196 3029; x_wconf 89' lang='lat' dir='ltr'>quum</span> <span class='ocrx_word' id='word_1_309' title='bbox 210 2941 306 2997; x_wconf 89' lang='lat' dir='ltr'>omnia</span> <span class='ocrx_word' id='word_1_310' title='bbox 318 2948 383 3015; x_wconf 91' lang='lat' dir='ltr'>post</span> <span class='ocrx_word' id='word_1_311' title='bbox 371 2941 479 2998; x_wconf 90' lang='lat' dir='ltr'>tmodo</span> <span class='ocrx_word' id='word_1_312' title='bbox 493 2941 552 2998; x_wconf 90' lang='lat' dir='ltr'>sint</span> <span class='ocrx_word' id='word_1_313' title='bbox 565 2943 647 3018; x_wconf 86' lang='lat' dir='ltr'>quasi</span> <span class='ocrx_word' id='word_1_314' title='bbox 664 2961 812 3016; x_wconf 88' lang='lat' dir='ltr'>nunquam</span> <span class='ocrx_word' id='word_1_315' title='bbox 830 2941 951 2998; x_wconf 85' lang='lat' dir='ltr'>fuissent</span> <span class='ocrx_word' id='word_1_316' title='bbox 953 2941 1050 3030; x_wconf 82' lang='lat' dir='ltr'>,quod</span> <span class='ocrx_word' id='word_1_317' title='bbox 1070 2942 1154 3016; x_wconf 84' lang='lat' dir='ltr'>longe</span> 
     </span>
     <span class='ocr_line' id='line_1_37' title="bbox 109 3017 1153 3096; baseline 0.004 -21"><span class='ocrx_word' id='word_1_318' title='bbox 109 3017 193 3076; x_wconf 87' lang='lat' dir='ltr'>aliter</span> <span class='ocrx_word' id='word_1_319' title='bbox 216 3019 290 3076; x_wconf 87' lang='lat' dir='ltr'>circa</span> <span class='ocrx_word' id='word_1_320' title='bbox 310 3019 453 3094; x_wconf 86' lang='lat' dir='ltr'>plebeia</span> <span class='ocrx_word' id='word_1_321' title='bbox 442 3039 509 3095; x_wconf 83' lang='lat' dir='ltr'>Jura</span> <span class='ocrx_word' id='word_1_322' title='bbox 529 3021 666 3090; x_wconf 86' lang='lat' dir='ltr'>evenerit,</span> <span class='ocrx_word' id='word_1_323' title='bbox 680 3041 767 3096; x_wconf 87' lang='lat' dir='ltr'>quum</span> <span class='ocrx_word' id='word_1_324' title='bbox 791 3019 887 3077; x_wconf 91' lang='lat' dir='ltr'>omnia</span> <span class='ocrx_word' id='word_1_325' title='bbox 902 3019 1030 3078; x_wconf 82' lang='lat' dir='ltr'>victoriae</span> <span class='ocrx_word' id='word_1_326' title='bbox 1052 3031 1153 3079; x_wconf 87' lang='lat' dir='ltr'>monu-</span> 
     </span>
     <span class='ocr_line' id='line_1_38' title="bbox 109 3097 1154 3176; baseline 0.005 -23"><span class='ocrx_word' id='word_1_327' title='bbox 109 3104 188 3154; x_wconf 90' lang='lat' dir='ltr'>ment</span> <span class='ocrx_word' id='word_1_328' title='bbox 188 3097 213 3155; x_wconf 91' lang='lat' dir='ltr'>is</span> <span class='ocrx_word' id='word_1_329' title='bbox 176 3098 331 3156; x_wconf 83' lang='lat' dir='ltr'>treferta</span> <span class='ocrx_word' id='word_1_330' title='bbox 345 3097 422 3156; x_wconf 90' lang='lat' dir='ltr'>sint:</span> <span class='ocrx_word' id='word_1_331' title='bbox 431 3099 565 3156; x_wconf 87' lang='lat' dir='ltr'>illat</span> <span class='ocrx_word' id='word_1_332' title='bbox 516 3104 565 3156; x_wconf 88' lang='lat' dir='ltr'>aut</span> <span class='ocrx_word' id='word_1_333' title='bbox 566 3119 612 3157; x_wconf 92' lang='lat' dir='ltr'>em</span> <span class='ocrx_word' id='word_1_334' title='bbox 626 3103 656 3157; x_wconf 85' lang='lat' dir='ltr'>et</span> <span class='ocrx_word' id='word_1_335' title='bbox 668 3120 701 3156; x_wconf 92' lang='lat' dir='ltr'>eo</span> <span class='ocrx_word' id='word_1_336' title='bbox 722 3099 884 3156; x_wconf 90' lang='lat' dir='ltr'>obscuriora</span> <span class='ocrx_word' id='word_1_337' title='bbox 897 3118 985 3176; x_wconf 93' lang='lat' dir='ltr'>quum</span> <span class='ocrx_word' id='word_1_338' title='bbox 999 3098 1154 3158; x_wconf 88' lang='lat' dir='ltr'>Niebuhrii</span> 
     </span>
     <span class='ocr_line' id='line_1_39' title="bbox 109 3177 1151 3255; baseline 0.005 -23"><span class='ocrx_word' id='word_1_339' title='bbox 109 3179 310 3249; x_wconf 85' lang='lat' dir='ltr'>argumentum</span> <span class='ocrx_word' id='word_1_340' title='bbox 330 3178 365 3234; x_wconf 91' lang='lat' dir='ltr'>de</span> <span class='ocrx_word' id='word_1_341' title='bbox 382 3177 551 3236; x_wconf 86' lang='lat' dir='ltr'>infirmitate</span> <span class='ocrx_word' id='word_1_342' title='bbox 506 3177 714 3255; x_wconf 86' lang='lat' dir='ltr'>atejuniorum</span> <span class='ocrx_word' id='word_1_343' title='bbox 732 3177 914 3235; x_wconf 78' lang='lat' dir='ltr'>adsecutum</span> <span class='ocrx_word' id='word_1_344' title='bbox 932 3177 1015 3234; x_wconf 90' lang='lat' dir='ltr'>modo</span> <span class='ocrx_word' id='word_1_345' title='bbox 1034 3197 1098 3254; x_wconf 88' lang='lat' dir='ltr'>spec</span> <span class='ocrx_word' id='word_1_346' title='bbox 1100 3183 1151 3252; x_wconf 89' lang='lat' dir='ltr'>tet,</span> 
     </span>
     <span class='ocr_line' id='line_1_40' title="bbox 109 3256 1123 3332; baseline 0.005 -21"><span class='ocrx_word' id='word_1_347' title='bbox 109 3260 218 3313; x_wconf 87' lang='lat' dir='ltr'>constet</span> <span class='ocrx_word' id='word_1_348' title='bbox 230 3262 326 3314; x_wconf 87' lang='lat' dir='ltr'>autern</span> <span class='ocrx_word' id='word_1_349' title='bbox 340 3257 452 3314; x_wconf 89' lang='lat' dir='ltr'>senatui</span> <span class='ocrx_word' id='word_1_350' title='bbox 461 3275 596 3314; x_wconf 86' lang='lat' dir='ltr'>accensos</span> <span class='ocrx_word' id='word_1_351' title='bbox 610 3276 703 3315; x_wconf 91' lang='lat' dir='ltr'>errore</span> <span class='ocrx_word' id='word_1_352' title='bbox 716 3259 847 3314; x_wconf 88' lang='lat' dir='ltr'>veterum</span> <span class='ocrx_word' id='word_1_353' title='bbox 861 3256 1007 3315; x_wconf 86' lang='lat' dir='ltr'>universos</span> <span class='ocrx_word' id='word_1_354' title='bbox 1019 3262 1123 3332; x_wconf 88' lang='lat' dir='ltr'>patres.</span> 
     </span>
    </p>

    <p class='ocr_par' dir='ltr' id='par_1_5' title="bbox 104 3334 1229 3813">
     <span class='ocr_line' id='line_1_41' title="bbox 125 3334 1151 3412; baseline 0.005 -21"><span class='ocrx_word' id='word_1_355' title='bbox 125 3334 228 3392; x_wconf 52' lang='lat' dir='ltr'>&gt;Hinc</span> <span class='ocrx_word' id='word_1_356' title='bbox 249 3342 345 3394; x_wconf 90' lang='lat' dir='ltr'>tamen</span> <span class='ocrx_word' id='word_1_357' title='bbox 366 3335 528 3410; x_wconf 81' lang='lat' dir='ltr'>saepissime,</span> <span class='ocrx_word' id='word_1_358' title='bbox 550 3336 769 3412; x_wconf 85' lang='lat' dir='ltr'>qualiacumque</span> <span class='ocrx_word' id='word_1_359' title='bbox 791 3335 935 3392; x_wconf 90' lang='lat' dir='ltr'>interdurn</span> <span class='ocrx_word' id='word_1_360' title='bbox 957 3335 1151 3410; x_wconf 84' lang='lat' dir='ltr'>somniaverit,</span> 
     </span>
     <span class='ocr_line' id='line_1_42' title="bbox 108 3413 1155 3490; baseline 0.004 -20"><span class='ocrx_word' id='word_1_361' title='bbox 108 3413 249 3488; x_wconf 88' lang='lat' dir='ltr'>apertiora</span> <span class='ocrx_word' id='word_1_362' title='bbox 266 3414 363 3488; x_wconf 91' lang='lat' dir='ltr'>potuit</span> <span class='ocrx_word' id='word_1_363' title='bbox 382 3433 415 3471; x_wconf 89' lang='lat' dir='ltr'>ac</span> <span class='ocrx_word' id='word_1_364' title='bbox 433 3414 562 3490; x_wconf 91' lang='lat' dir='ltr'>pleniora</span> <span class='ocrx_word' id='word_1_365' title='bbox 580 3415 697 3472; x_wconf 90' lang='lat' dir='ltr'>reddere</span> <span class='ocrx_word' id='word_1_366' title='bbox 716 3432 892 3490; x_wconf 76' lang='lat' dir='ltr'>quacunque</span> <span class='ocrx_word' id='word_1_367' title='bbox 905 3413 962 3472; x_wconf 87' lang='lat' dir='ltr'>fide</span> <span class='ocrx_word' id='word_1_368' title='bbox 975 3414 1023 3470; x_wconf 88' lang='lat' dir='ltr'>vel</span> <span class='ocrx_word' id='word_1_369' title='bbox 1035 3415 1155 3474; x_wconf 91' lang='lat' dir='ltr'>minima</span> 
     </span>
     <span class='ocr_line' id='line_1_43' title="bbox 108 3492 1153 3569; baseline 0.002 -19"><span class='ocrx_word' id='word_1_370' title='bbox 108 3492 294 3550; x_wconf 88' lang='lat' dir='ltr'>tradebantur</span> <span class='ocrx_word' id='word_1_371' title='bbox 307 3493 395 3552; x_wconf 88' lang='lat' dir='ltr'>etiam</span> <span class='ocrx_word' id='word_1_372' title='bbox 408 3495 527 3552; x_wconf 88' lang='lat' dir='ltr'>obscura</span> <span class='ocrx_word' id='word_1_373' title='bbox 539 3494 571 3552; x_wconf 91' lang='lat' dir='ltr'>in</span> <span class='ocrx_word' id='word_1_374' title='bbox 584 3494 678 3550; x_wconf 89' lang='lat' dir='ltr'>lucem</span> <span class='ocrx_word' id='word_1_375' title='bbox 691 3494 814 3562; x_wconf 90' lang='lat' dir='ltr'>trahere,</span> <span class='ocrx_word' id='word_1_376' title='bbox 829 3505 983 3568; x_wconf 88' lang='lat' dir='ltr'>utrumque</span> <span class='ocrx_word' id='word_1_377' title='bbox 999 3493 1076 3549; x_wconf 90' lang='lat' dir='ltr'>enim</span> <span class='ocrx_word' id='word_1_378' title='bbox 1090 3514 1153 3569; x_wconf 91' lang='lat' dir='ltr'>per-</span> 
     </span>
     <span class='ocr_line' id='line_1_44' title="bbox 107 3571 1152 3646; baseline 0.003 -19"><span class='ocrx_word' id='word_1_379' title='bbox 107 3579 236 3645; x_wconf 91' lang='lat' dir='ltr'>spectum</span> <span class='ocrx_word' id='word_1_380' title='bbox 256 3573 366 3644; x_wconf 89' lang='lat' dir='ltr'>habuit,</span> <span class='ocrx_word' id='word_1_381' title='bbox 382 3573 458 3630; x_wconf 89' lang='lat' dir='ltr'>uude</span> <span class='ocrx_word' id='word_1_382' title='bbox 482 3573 559 3630; x_wconf 89' lang='lat' dir='ltr'>sanis</span> <span class='ocrx_word' id='word_1_383' title='bbox 579 3573 745 3630; x_wconf 90' lang='lat' dir='ltr'>deducenda</span> <span class='ocrx_word' id='word_1_384' title='bbox 766 3577 840 3628; x_wconf 86' lang='lat' dir='ltr'>esset</span> <span class='ocrx_word' id='word_1_385' title='bbox 858 3572 936 3646; x_wconf 86' lang='lat' dir='ltr'>origo</span> <span class='ocrx_word' id='word_1_386' title='bbox 951 3571 1026 3628; x_wconf 90' lang='lat' dir='ltr'>unde</span> <span class='ocrx_word' id='word_1_387' title='bbox 1039 3571 1152 3630; x_wconf 87' lang='lat' dir='ltr'>vitiosis</span> 
     </span>
     <span class='ocr_line' id='line_1_45' title="bbox 106 3649 1153 3727; baseline 0.001 -20"><span class='ocrx_word' id='word_1_388' title='bbox 106 3651 198 3726; x_wconf 89' lang='lat' dir='ltr'>prima</span> <span class='ocrx_word' id='word_1_389' title='bbox 218 3649 378 3727; x_wconf 86' lang='lat' dir='ltr'>irrepsisset</span> <span class='ocrx_word' id='word_1_390' title='bbox 400 3652 495 3723; x_wconf 90' lang='lat' dir='ltr'>labes;</span> <span class='ocrx_word' id='word_1_391' title='bbox 523 3669 616 3727; x_wconf 87' lang='lat' dir='ltr'>neque</span> <span class='ocrx_word' id='word_1_392' title='bbox 643 3670 734 3726; x_wconf 92' lang='lat' dir='ltr'>quum</span> <span class='ocrx_word' id='word_1_393' title='bbox 759 3657 902 3708; x_wconf 88' lang='lat' dir='ltr'>constaret</span> <span class='ocrx_word' id='word_1_394' title='bbox 922 3656 999 3708; x_wconf 89' lang='lat' dir='ltr'>certa</span> <span class='ocrx_word' id='word_1_395' title='bbox 1022 3651 1153 3725; x_wconf 74' lang='lat' dir='ltr'>quaedam</span> 
     </span>
     <span class='ocr_line' id='line_1_46' title="bbox 104 3727 1229 3813; baseline 0 -25"><span class='ocrx_word' id='word_1_396' title='bbox 104 3735 181 3800; x_wconf 82' lang='lat' dir='ltr'>tacta</span> <span class='ocrx_word' id='word_1_397' title='bbox 194 3749 255 3790; x_wconf 85' lang='lat' dir='ltr'>esse</span> <span class='ocrx_word' id='word_1_398' title='bbox 265 3731 384 3794; x_wconf 81' lang='lat' dir='ltr'>¹difficile</span> <span class='ocrx_word' id='word_1_399' title='bbox 398 3735 459 3790; x_wconf 90' lang='lat' dir='ltr'>erat</span> <span class='ocrx_word' id='word_1_400' title='bbox 473 3731 586 3812; x_wconf 86' lang='lat' dir='ltr'>qualem</span> <span class='ocrx_word' id='word_1_401' title='bbox 597 3730 733 3813; x_wconf 83' lang='lat' dir='ltr'>habitura</span> <span class='ocrx_word' id='word_1_402' title='bbox 740 3727 863 3812; x_wconf 73' lang='lat' dir='ltr'>tuissent</span> <span class='ocrx_word' id='word_1_403' title='bbox 871 3728 1014 3812; x_wconf 85' lang='lat' dir='ltr'>effectum,</span> <span class='ocrx_word' id='word_1_404' title='bbox 1030 3748 1150 3806; x_wconf 88' lang='lat' dir='ltr'>qoaeque</span> <span class='ocrx_word' id='word_1_405' title='bbox 1225 3753 1229 3763; x_wconf 93' lang='lat'>·</span> 
     </span>
    </p>
   </div>
   <div class='ocr_carea' id='block_1_4' title="bbox 0 0 1302 4108">
    <p class='ocr_par' dir='ltr' id='par_1_6' title="bbox 0 0 1302 4108">
     <span class='ocr_line' id='line_1_47' title="bbox 0 0 1302 4108; baseline 0 2"><span class='ocrx_word' id='word_1_406' title='bbox 0 0 1302 4108; x_wconf 95' lang='lat' dir='ltr'> </span> 
     </span>
    </p>
   </div>
  </div>
 </body>
</html>
