2594 4108
649 101 685 156 18

145 273 148 279 ¹
180 243 377 323 Quodcunque
391 249 488 306 autem
501 247 551 306 ille
567 249 685 308 obscure
703 247 916 324 significaverit,
930 244 1040 324 primus
1053 245 1205 323 Heynius

140 325 255 385 edocuit
274 327 438 384 universam
456 326 619 385 litterarum
639 328 845 404 rempublicam
858 347 934 387 verae
951 325 1088 386 doctrina
1109 328 1203 385 rudi-

139 409 245 463 menta.
290 404 383 482 Cujus
406 406 578 464 senteutiam
598 407 762 465 avidissime
782 406 934 482 amplexus
954 405 1135 464 Niebubrius
1161 406 1203 464 in

140 485 284 563 quandam
307 504 424 558 gravem
446 485 551 543 mentis
574 486 819 560 perturbationem
843 486 942 544 statim
967 483 1078 554 incidit,
1101 484 1202 544 facile

141 563 218 620 enim
238 563 387 640 perspexit
413 563 485 638 quid
511 564 567 621 sibi
592 565 752 622 voluissent
777 564 850 639 legis
876 562 996 639 agrariae
1022 563 1139 629 latores,
1168 563 1201 621 si

139 642 264 700 divitum
279 641 377 718 spoliis
391 642 483 706 ditare
495 662 635 719 pauperes
648 643 856 714 instituissent;
879 662 979 718 agrum
999 645 1096 700 autem
1115 643 1201 717 pub·

138 719 228 778 licum
247 721 341 800 qualis
361 725 444 793 esset,
465 741 565 797 quaeve
586 722 649 798 ejus
668 723 814 798 possessio,
837 725 889 781 aut
908 721 1049 798 quomodo
1069 739 1087 777 a
1106 741 1199 778 man-

139 799 214 875 cipio
229 801 349 858 distaret
362 819 455 876 neque
476 801 658 874 intelligebat
678 803 739 878 ipse
760 820 853 878 neque
868 800 1060 877 quaesiverant
1078 800 1195 858 caeteri.

138 879 306 937 Attendatis
327 879 426 953 igitur
439 897 545 955 queso,
566 880 648 938 cives
666 879 827 952 academici,
852 899 977 956 quonam
1004 877 1197 954 potissimum

138 957 222 1016 modo
236 977 269 1016 ac
283 959 392 1016 ratione
410 958 463 1016 has
482 960 615 1016 tenebras
633 964 662 1017 et
680 960 829 1034 scrupulos
848 958 990 1032 effugerit,
1012 966 1197 1033 caetercsque

137 1036 169 1094 in
188 1037 309 1112 planum
328 1036 471 1107 eduxerit,
493 1037 624 1096 ea-enim
644 1042 688 1096 est
711 1058 798 1117 quam
821 1037 948 1096 irrisores
968 1037 1030 1113 ejus
1050 1035 1196 1095 admirari

138 1116 257 1191 possint,
274 1135 365 1192 quum
382 1116 510 1173 fructum
529 1116 592 1192 ejus
612 1117 673 1192 ipse
693 1117 826 1176 Levisius
845 1117 952 1188 laudet,
967 1115 1045 1191 quod
1061 1119 1191 1185 coactus,

139 1193 247 1269 opinor,
270 1194 395 1252 admisit.
436 1194 550 1272 Quippe
571 1195 677 1253 similia
695 1196 837 1254 afferendo
856 1195 950 1254 lucem
967 1193 1093 1270 primum
1111 1195 1194 1252 vidit
1274 1213 1279 1232 i

139 1279 225 1349 atque
239 1273 270 1330 in
283 1293 365 1348 paene
379 1275 534 1349 desperatis
548 1276 634 1332 rebus
648 1275 805 1332 remedium
822 1273 882 1332 fere
900 1273 1020 1331 unicum
1040 1271 1189 1332 adhibuit.
1277 1331 1278 1342 2

140 1351 246 1410 Scribit
260 1353 337 1410 enim
355 1353 386 1409 in
400 1353 486 1412 India
505 1353 649 1412 invenisse
669 1353 765 1412 vivam
785 1373 881 1411 rernm
899 1353 1094 1410 Romanarum
1115 1351 1194 1410 ima·
1274 1367 1279 1391 ⁴

139 1430 244 1504 ginem‚
266 1431 297 1488 in
321 1435 444 1508 utraque
465 1433 542 1490 enim
570 1436 600 1491 et
621 1433 708 1490 India
734 1437 763 1490 et
789 1433 878 1490 ltalia
904 1431 1068 1507 opinionem
1094 1431 1193 1488 inore·
1277 1457 1278 1470 ¹

138 1508 234 1567 buisse
250 1509 327 1568 cives
342 1511 426 1568 modo
447 1511 590 1587 possidere
608 1532 710 1587 agrum
725 1531 816 1587 posse,
831 1510 990 1569 dominium
1005 1528 1093 1584 penes
1114 1508 1191 1567 civi-

138 1593 228 1646 tatem
254 1608 324 1657 esse,
348 1596 504 1666 utrumque
523 1595 621 1650 autem
640 1610 742 1664 agrum
761 1591 871 1648 tributo
892 1589 1006 1647 cuidam
1026 1588 1193 1646 obnoxium

136 1665 235 1734 fuisse,
249 1669 325 1746 quod
338 1669 440 1739 locori;
462 1670 493 1726 id
505 1673 621 1727 tantum
633 1669 825 1728 intercessisse
838 1667 1020 1736 discriminis,
1032 1668 1110 1744 quod
1123 1667 1194 1741 agri

137 1745 296 1804 dominium
313 1748 447 1823 princeps
462 1747 510 1806 hic
526 1768 675 1826 nunquam
692 1746 962 1817 communicaverit3
985 1746 1046 1804 illic
1066 1747 1193 1822 respub-

136 1825 194 1883 lica
207 1826 322 1901 populo‚
345 1827 449 1902 plebei,
474 1827 557 1886 sociis
574 1827 775 1898 divisionibus,
796 1826 971 1902 coloniisque
990 1825 1193 1900 impertiverit

136 1903 344 1964 liberalissime.
395 1906 510 1964 Abhinc
533 1925 594 1964 rem
617 1907 740 1964 feliciter
759 1907 907 1964 inventam
930 1907 1080 1962 auctorum
1103 1904 1192 1962 testi·

136 1983 240 2040 moniis
255 1986 392 2059 pergebat
409 1985 584 2044 muniturus,
625 1985 722 2043 Primo
736 1985 845 2043 scilicet
858 1984 876 2042 J
878 1985 1014 2042 avolenus
1027 1983 1192 2041 adduceba-

135 2065 185 2120 tur
198 2062 295 2121 dicens
314 2064 520 2140 possessionem
539 2064 640 2142 praedii
654 2065 685 2121 id
699 2083 788 2137 genus
808 2083 878 2132 esse,
893 2063 971 2139 quod
991 2062 1044 2119 sub
1057 2062 1191 2120 dominio

136 2159 231 2217 neque
245 2148 289 2200 est
301 2162 395 2220 neque
408 2163 469 2202 esse
486 2148 590 2218 potest,
604 2144 682 2220 quod
695 2143 791 2200 firmat
803 2141 901 2200 AElius
914 2141 1016 2199 Gallus
1033 2141 1191 2216 possessio-

137 2239 204 2278 nem
225 2241 286 2280 esse
305 2242 390 2280 usum
414 2223 483 2296 agri,
508 2225 585 2300 quod
606 2222 749 2298 mancipio
772 2225 870 2298 aperte
892 2221 988 2278 distat
1033 2219 1191 2293 Appianas

137 2299 208 2357 adeo
222 2320 335 2358 causam
349 2301 533 2376 possessionis
545 2302 652 2373 docuit,
668 2321 725 2379 quc
737 2300 799 2376 ipse
815 2299 916 2375 adjicit
928 2299 1023 2370 aliam,
1039 2297 1190 2357 continuis

136 2378 372 2454 populationibus
384 2379 553 2439 infestatum
567 2400 668 2456 agrum
686 2379 773 2437 etiam
788 2379 969 2438 tenuioribus
984 2376 1076 2450 magis
1093 2376 1187 2436 fuisse

137 2457 248 2528 utilem,
275 2459 300 2514 si
321 2459 357 2516 ab
380 2458 480 2534 paucis
504 2467 658 2535 occupatus
681 2459 779 2516 fructu
802 2477 888 2515 onera
909 2456 1027 2538 publica
1049 2454 1183 2528 levasset,

138 2535 266 2612 quamsi
284 2536 469 2605 divideretur,
488 2543 554 2614 post
570 2539 622 2596 ubi
643 2537 768 2614 quietior
785 2538 820 2595 ab
838 2535 1049 2594 incursionibus
1070 2534 1183 2606 fuisset,

137 2615 307 2672 divisionem
326 2616 418 2689 magis
438 2617 540 2674 utilem
560 2617 674 2689 factam,
694 2620 811 2691 patrum
831 2613 953 2690 injurias
972 2613 1084 2671 fructus
1103 2614 1185 2672 baud

136 2693 318 2753 reddentium
338 2693 429 2768 magis
445 2695 657 2762 intolerabiles;
678 2695 807 2751 fructum
824 2695 1008 2751 decumarum
1026 2712 1043 2750 a
1060 2694 1185 2750 censori-

136 2773 191 2830 bus
213 2774 347 2844 locatum,
371 2794 386 2832 e
405 2773 539 2847 plurimis
561 2774 632 2831 locis
655 2781 718 2832 tum
741 2773 871 2831 Livianis
892 2779 956 2830 tum
979 2770 1183 2844 Ciceronianis,

137 2851 225 2910 evicit
248 2853 337 2929 (siout
357 2857 387 2912 et
409 2853 468 2910 alia
486 2853 664 2927 vectigalia),
683 2853 760 2928 qaod
780 2851 845 2909 aliis
865 2851 980 2908 afferret
998 2850 1070 2908 locis
1087 2849 1185 2908 lucem

136 2930 187 2988 ubi
214 2931 276 3006 agri
302 2932 393 3008 ipsius
423 2933 527 2990 locatio
552 2933 710 3001 diceretur,
747 2950 879 3005 magnam
906 2929 1030 3003 denique
1056 2928 1184 2987 locorum

136 3011 243 3067 nubem
259 3011 361 3070 attulit
377 3011 454 3068 unde
471 3012 595 3089 liqueret
612 3031 687 3086 saepe
703 3009 909 3084 rempublicam
929 3007 1055 3083 pellendi
1073 3027 1184 3082 posses·

136 3107 220 3160 sores,
236 3091 324 3148 etiam
344 3090 406 3148 sine
426 3093 538 3164 agraria
557 3090 628 3164 lege,
643 3089 694 3165 jus
711 3109 767 3147 usu
781 3087 950 3157 vindicasse,
965 3105 1058 3162 neque
1074 3085 1184 3162 injuria

136 3185 204 3240 ergo
229 3172 333 3244 patres,
360 3168 412 3246 qui
437 3169 551 3243 plebem
575 3188 613 3226 ex
638 3167 714 3242 agris
740 3166 864 3244 publicis
887 3165 1073 3242 pepulissent,
1099 3183 1182 3222 exer-

137 3247 237 3318 cuisse,
259 3251 350 3305 totam
369 3245 494 3323 denique
514 3266 705 3324 possessorum
727 3246 928 3316 conditionem,
945 3244 1022 3320 jura,
1045 3245 1180 3314 remedia,

137 3326 209 3400 quid
240 3327 421 3402 sperandum,
453 3327 525 3404 quid
555 3326 718 3386 timendum
748 3326 830 3396 foret,
863 3324 1018 3382 interdicta
1047 3323 1181 3398 praetoria

136 3404 214 3478 leges
244 3407 379 3480 agrarias,
410 3406 481 3464 dum
511 3405 649 3482 possessio
679 3403 821 3479 mancipio
856 3407 1059 3472 secemeretur‚
1091 3404 1180 3470 tutas,

135 3487 201 3559 post
221 3485 369 3543 confusam
387 3486 519 3545 turbidas
539 3483 661 3552 edocuit,
678 3485 713 3540 ab
735 3503 802 3557 agro
819 3481 957 3556 vectigali
973 3479 1082 3556 triplici
1100 3481 1181 3538 modo

136 3561 291 3622 discretum
313 3584 414 3639 agrum
437 3565 596 3640 publicum,
617 3561 695 3638 quod
715 3561 789 3620 illud
811 3581 867 3619 usu
890 3560 1008 3636 capione
1033 3559 1066 3616 in
1091 3559 1180 3616 domi-

134 3639 218 3699 nium
242 3644 410 3718 possessoris
437 3644 560 3713 cederet,
586 3641 664 3717 quod
692 3640 847 3714 Savignius
874 3641 988 3712 scribat,
1014 3639 1084 3716 quia
1109 3640 1182 3696 teste

134 3719 237 3780 Paullo
257 3740 399 3798 possessor
417 3721 567 3799 vectigalis
586 3719 649 3796 agri
667 3719 738 3798 pelli
757 3739 816 3779 non
834 3721 948 3798 poterat
967 3719 1037 3777 dum
1053 3717 1192 3778 fructum.
