2594 4108
643 100 661 164 7

126 253 203 312 nihil
230 251 371 312 addidisse
394 257 542 328 ponerent,
569 252 612 312 ita
635 253 800 314 Niebuhrio
826 253 1017 332 displicebant
1045 258 1080 314 ut
1104 253 1180 314 nihil

127 333 164 393 iis
185 335 300 392 subesse
322 332 384 390 reri
404 333 585 392 confirmaret
605 353 643 392 ex
669 335 775 411 quibus
801 335 864 410 ipss
890 334 984 392 multa
1005 333 1178 410 incorruptae

128 412 259 472 veritatis
276 417 462 470 monumenta
486 412 622 484 eruisset5
645 414 723 490 quod
744 415 878 492 equidem
902 412 1103 472 inconstantiae
1125 413 1179 472 cri·

127 510 194 550 men
215 490 247 548 in
268 495 349 548 tanto
370 490 433 548 viro
460 490 539 548 haud
564 491 626 568 ipse
647 492 741 551 libens
768 492 942 562 admiserim,
960 491 1059 554 nimiae
1082 495 1181 550 tamen

127 569 317 646 impudentia
331 573 393 627 erat
406 569 431 628 si
440 569 589 628 doctorum
601 570 783 641 incusationi,
795 591 860 649 quse
873 571 958 648 plane
971 570 1066 628 refelli
1078 570 1180 646 nequi·

127 649 212 720 verit,
229 647 343 706 obviam
358 647 439 706 irem.
481 649 578 707 Satius
600 649 748 727 apparebit
766 652 893 711 honestae
907 649 937 708 N
939 649 1066 707 iebubrii
1080 650 1181 708 existi·

127 727 250 786 motioni
270 730 348 785 recte
366 727 539 800 faventibus,
555 747 624 788 vera
642 728 748 805 quibus
767 730 921 788 admodum
942 729 1077 788 studebat
1096 727 1181 788 vivus

129 807 164 866 de
177 810 291 866 mortuo
304 805 397 878 fateri,
420 805 547 872 dicentes
565 826 641 875 eum,
655 827 747 885 quum
761 807 919 886 superiores
938 827 1036 866 omnes
1055 808 1180 866 immane

129 889 272 962 quantum
286 884 417 957 anteiret,
434 905 502 961 erga
515 905 613 945 omnes
632 887 733 946 mitem
746 908 779 947 ac
797 887 978 957 benevolum,
995 905 1063 962 erga
1075 905 1182 962 paucos

129 964 217 1022 nimis
239 965 379 1022 humilem
401 984 462 1024 sese
487 965 654 1041 praebuisse,
676 986 745 1042 erga
767 987 873 1043 paucos
894 966 983 1024 etiarn
1006 965 1178 1038 fastuosum,

128 1062 223 1118 neque
236 1044 268 1100 in
281 1063 314 1101 eo
327 1044 435 1102 versari
448 1043 555 1102 famam
572 1045 630 1104 viri
644 1045 669 1104 si
687 1064 746 1122 qua
763 1045 799 1104 de
813 1044 953 1122 Dionysio
967 1044 1129 1120 superbius,
1146 1044 1181 1102 de

129 1121 223 1180 Dione
242 1121 385 1198 prolixius
403 1123 547 1194 effuderit,
564 1123 650 1182 illum
664 1125 742 1183 enim
763 1125 832 1182 dum
847 1123 1022 1200 expenderet
1035 1123 1114 1180 haud
1133 1123 1181 1180 de÷

128 1201 244 1264 ficiente
258 1199 395 1276 aequitate
413 1200 583 1277 patientiam
601 1223 705 1279 parum
726 1201 907 1279 suppetiisse,
926 1203 1013 1274 hunc,
1035 1201 1088 1260 ubi
1106 1220 1181 1259 nun-

130 1299 217 1356 quam
235 1286 321 1338 antea
339 1280 503 1338 auditorum
516 1285 669 1356 patronum
688 1281 929 1356 circumspiceret,
945 1299 1124 1358 praepropere
1138 1300 1182 1338 ar·

129 1362 244 1434 reptum
258 1358 405 1435 nimiaque
418 1358 584 1418 laudatione
598 1361 707 1418 elatum
722 1359 814 1418 avire
828 1360 932 1418 melius
945 1359 978 1417 in
990 1358 1111 1417 historia
1125 1361 1182 1418 Ro-

129 1457 214 1495 mana
233 1438 424 1514 perspiciente
443 1457 500 1513 quo
519 1437 661 1497 distarent
678 1439 833 1502 intervallo
853 1458 899 1496 res
917 1458 935 1497 a
954 1438 1072 1496 somniis
1092 1458 1181 1516 quarn

130 1535 187 1592 quo
201 1515 263 1594 ipse
276 1517 359 1574 modo
374 1535 491 1592 suaeque
504 1517 630 1576 rationes
644 1517 785 1576 distarent
798 1537 816 1575 a
828 1517 980 1594 prioribus.

169 1595 252 1660 Quod
267 1596 291 1653 si
305 1595 375 1654 lieet
387 1595 570 1671 prudentiam
584 1596 641 1654 viri
656 1597 817 1654 accuratius
831 1598 1013 1672 investigare,
1030 1595 1107 1672 quod
1120 1594 1181 1672 ipse

127 1674 225 1732 minus
251 1674 442 1750 prudentibus
468 1677 564 1749 negat,
587 1675 711 1752 reperies
732 1675 829 1734 forsan
849 1675 1016 1752 hujusmodi
1036 1676 1114 1732 viam
1136 1675 1180 1732 in-

162 1773 265 1812 essum.

127 1775 277 1890 grRerum
291 1832 487 1891 Romanarum
500 1834 594 1892 fontes
608 1833 690 1904 adiit,
702 1832 847 1902 discrevit,
862 1852 950 1910 quam
962 1832 1020 1892 late
1035 1836 1181 1910 serperent

128 1930 237 1970 errores
257 1912 477 1972 demonstravit.
520 1913 634 1972 Similia
653 1913 690 1972 iis
714 1932 779 1989 quae
800 1913 872 1970 alias
892 1914 969 1970 facta
989 1932 1050 1970 esse
1070 1916 1181 1970 consta·

128 1992 179 2048 bat
199 1990 281 2048 falsis
302 1991 464 2062 substituit,
483 2011 573 2068 quum
591 1993 705 2052 fabulas
722 1991 804 2069 prius
824 1991 918 2049 exiis
938 2011 1004 2067 quae
1025 1991 1181 2050 substitue-

128 2070 237 2127 bantur
251 2069 350 2126 eodcm
370 2072 454 2129 modo
467 2071 547 2130 nasei
560 2091 643 2148 posse
657 2070 851 2148 perspexisset
872 2089 929 2145 quo
948 2071 1097 2130 constabat
1112 2069 1183 2128 alias

129 2166 279 2224 nunquam
293 2147 369 2206 facta
388 2149 531 2208 factorum
549 2150 611 2208 loco
630 2151 789 2227 supposita.
832 2149 903 2216 Quae
923 2148 980 2206 viri
998 2149 1102 2208 merita
1118 2168 1181 2224 pcr-

130 2246 244 2284 censere
262 2225 376 2302 singula
393 2229 592 2306 exemplisque
610 2229 756 2288 illustrare
776 2249 869 2305 operae
889 2229 953 2286 erit.
991 2229 1035 2286 Ac
1055 2228 1183 2305 primum

129 2305 248 2382 quidem
270 2306 395 2364 fontium
419 2311 554 2366 naturam
578 2311 774 2384 perscrutatus
797 2309 902 2366 horum
928 2307 985 2364 duo
1011 2326 1117 2381 genera
1136 2306 1181 2366 iu·

129 2384 220 2451 venit,
239 2403 331 2442 unum
354 2385 465 2444 scilicet
484 2387 642 2454 annalium,
664 2387 786 2446 alterurn
803 2406 871 2444 vero
889 2383 1049 2443 carminum
1065 2390 1099 2445 ut
1119 2386 1182 2463 ipse

129 2463 228 2538 paullo
249 2464 387 2522 audacius
406 2467 603 2541 nuncupabat.
645 2465 822 2524 Existimare
843 2476 939 2522 autem
955 2463 1041 2522 debet
1053 2485 1136 2522 nemo
1150 2465 1182 2523 in

129 2562 163 2600 eo
187 2562 300 2600 omnem
322 2543 368 2617 egi
390 2543 547 2602 Niebuhrii
571 2544 753 2621 disciplinam
775 2543 852 2620 quod
871 2541 987 2601 Catonis
1010 2547 1181 2602 auctoritate

129 2625 225 2679 motus
239 2625 355 2679 vetusta
368 2623 502 2698 quaedam
520 2623 647 2682 carmina
661 2624 698 2682 ad
712 2623 877 2682 Graecorum
891 2625 921 2680 et
935 2621 1095 2680 Gothorum
1109 2623 1180 2680 His·

129 2699 328 2779 pellorumque
340 2700 433 2759 instar
445 2701 539 2761 efficta
553 2703 684 2774 credidit,
699 2701 804 2760 amissa
817 2700 1000 2770 desideravit,
1014 2701 1091 2776 quod
1104 2701 1182 2758 idem

129 2779 200 2836 t‘ecit
213 2779 256 2836 M.
272 2779 404 2852 'l'ullius5
426 2783 478 2838 aut
491 2783 569 2858 apud
582 2782 615 2840 Τ.
631 2781 750 2840 Livium
764 2781 796 2838 in
814 2781 879 2856 lege
897 2779 1033 2836 horrendi
1046 2780 1182 2838 carminis

130 2859 227 2916 nescio
253 2878 326 2934 quas
349 2863 425 2918 vatis
448 2860 563 2936 antiqui
585 2860 736 2938 relliquias
757 2860 947 2918 Horatiorum
966 2859 1043 2917 facta
1062 2860 1197 2934 fataque·

130 2935 262 3008 dicentis,
279 2937 500 3014 deprehendisse
514 2939 570 2997 sibi
583 2939 663 2998 visus
677 2943 730 2998 est.
768 2937 898 2996 Concedo
913 2955 980 2995 sane
994 2936 1092 2995 virum
1105 2938 1180 2996 vati-

130 3015 247 3074 cinandi
257 3017 356 3090 gloriae
365 3017 522 3075 avidiorem
533 3017 654 3076 nimium
665 3017 838 3096 conjecturis
848 3015 935 3074 istius
945 3015 1024 3074 modi
1035 3017 1178 3090 tribuisse,

130 3095 290 3169 postulasse
311 3115 378 3154 vero
397 3100 432 3154 ut
452 3097 678 3173 astipularentur
698 3097 754 3154 sibi
774 3094 871 3153 caeteri
890 3094 975 3171 plane
995 3115 1078 3170 nego,
1092 3097 1179 3154 immo

130 3171 224 3231 multo
241 3174 334 3251 pluris
354 3193 421 3232 eum
440 3175 542 3234 iecisse
562 3177 737 3234 confidenter
751 3193 844 3232 assero
860 3181 895 3232 ut
912 3192 995 3231 omne
1014 3175 1102 3234 ferret
1115 3177 1179 3233 doc-

130 3256 226 3310 torum
244 3262 386 3330 punctum
404 3273 492 3330 quam
506 3275 568 3312 eam
581 3253 746 3330 reipublicae
764 3253 928 3312 litterarum
944 3251 1035 3327 legem
1052 3257 1180 3329 poneret,

131 3349 268 3407 nequem
283 3332 476 3407 indagationis
496 3353 555 3392 suae
571 3334 699 3392 fructum
716 3335 868 3409 carperent
887 3330 944 3388 nisi
959 3351 1066 3391 errores
1080 3332 1179 3408 itaque

131 3415 219 3486 atque
233 3409 367 3470 universa
379 3411 472 3488 ipsius
481 3413 589 3489 placita
597 3411 757 3470 voluissent
767 3409 911 3486 amplecti.
949 3409 1062 3487 Quippe
1073 3411 1179 3470 diserte

131 3489 232 3547 scribit
244 3489 276 3547 id
289 3493 404 3548 tantum
419 3510 480 3550 sese
493 3490 626 3549 omnibus
641 3490 870 3548 commendatum
885 3494 1090 3566 acceptumque
1104 3491 1179 3548 velle

131 3567 209 3644 quod
221 3587 305 3626 nemo
319 3569 371 3645 qui
384 3571 478 3646 sapiat
495 3571 653 3645 negaverit,
668 3569 725 3626 alia
741 3568 851 3626 seilicet
870 3567 902 3626 in
920 3569 1085 3627 auctoribus
1104 3569 1178 3626 anti-

130 3646 277 3724 quissimis
291 3651 327 3705 ab
340 3649 514 3724 incorruptis
530 3667 627 3706 rerum
647 3646 840 3705 monumentis
853 3647 1022 3724 deprompta
1035 3667 1105 3718 esse,
1121 3648 1179 3706 alia

130 3745 163 3784 eo
177 3731 284 3787 temere
298 3727 388 3787 ascita
401 3729 478 3805 quod
492 3727 580 3803 vulgo
597 3727 634 3786 iis
652 3725 829 3785 credebatur.
872 3725 905 3784 si
918 3726 984 3802 quis
998 3725 1075 3784 enim
1089 3725 1177 3786 Gabi·
