2594 4108
588 128 629 190 27

74 283 194 360 plebem
207 281 285 340 inter
298 279 356 339 alia
369 278 458 339 curiis
472 279 626 352 admissam
640 301 673 340 ac
686 280 800 341 senatui
813 281 1020 357 reprehendere
1035 281 1128 342 ausim

72 363 171 440 Atqui
185 362 388 418 verecundiam
408 364 471 418 tum
484 360 605 418 minime
625 361 777 419 admittere
797 361 894 432 debeo,
910 381 999 438 quum
1020 362 1131 440 aliquid

71 443 132 500 sim
147 440 286 498 audacius
305 457 500 513 aggressurus.
541 439 653 514 Nempe
672 440 840 515 persuadere
860 440 933 497 mihi
946 460 1055 518 nequeo
1076 441 1130 498 mi-

70 519 156 579 noris
170 518 332 576 faciendam
345 537 406 574 esse
419 517 506 576 nnius
519 518 675 576 Niebuhrii
695 518 896 580 auctoritatem
916 539 1003 598 quarn
1023 529 1130 578 cetero·

60 603 142 658 'rum
163 597 214 676 qui
233 597 342 673 placita
361 595 425 672 ejus
445 596 480 654 de
500 599 622 654 vetustis
642 597 736 656 Italiae
756 597 871 672 populis
895 606 925 656 et
944 597 1052 673 linguis
1072 598 1130 657 dis·

72 677 200 737 serentis
214 675 450 752 improbaverint.
488 675 550 734 Nec
565 695 645 751 spero
665 685 761 734 tamen
774 679 819 734 tot
839 683 984 734 tantorum
1002 678 1130 735 virorum

72 756 237 820 sententias
250 753 389 826 refellere,
406 755 456 812 sed
474 774 616 833 nusquam
634 756 726 830 magis
745 755 840 814 elucet
851 754 908 813 viri
927 755 1081 832 prudentia
1100 762 1131 814 et

72 837 151 895 mira
178 837 280 909 argute
305 833 462 891 disserendi
484 833 696 908 perspicacitas,
721 853 807 910 quam
834 833 917 893 silere
944 835 1024 892 nefas
1050 835 1130 894 duxi.

71 916 178 994 Neque
191 913 270 972 enim
283 913 360 989 apud
373 931 420 970 eos
431 912 508 989 ipsos
522 912 649 971 sordebit
662 913 741 971 illius
751 913 843 988 gloria
856 913 906 992 qui
919 914 1146 975 recentioribus'

72 995 182 1055 malint
201 991 324 1062 credere,
345 1011 435 1070 quum
453 991 487 1050 bi
509 991 627 1050 fortuna
650 993 807 1068 superiores
827 992 944 1063 fuerint,
965 992 1080 1066 ingenio
1100 997 1131 1052 et

74 1073 188 1131 meritis
211 1073 265 1130 vix
290 1089 382 1145 pares,
406 1070 512 1148 quippe
536 1071 640 1149 quibus
666 1074 732 1146 post
758 1079 936 1146 perspectam
962 1071 1129 1146 linguarum

74 1151 276 1225 cognationem
303 1169 374 1227 quas
400 1150 676 1208 Indo-Germanicas
699 1149 848 1225 appellant
874 1150 1010 1208 dialectos
1037 1150 1129 1208 Italas

77 1233 233 1288 attrectare
253 1229 414 1302 contigerit.
457 1228 574 1286 Scilicet
593 1229 625 1286 in
643 1235 756 1287 vetusta
774 1229 913 1286 ludorum
926 1229 1026 1302 lingua
1042 1231 1131 1287 verba

77 1309 199 1386 utrique
220 1307 317 1380 generi
337 1317 458 1381 cognata
481 1312 660 1381 agnoverunt
683 1307 761 1365 docti
780 1311 810 1364 et
828 1306 866 1364 iis
890 1327 953 1386 quae
978 1308 1080 1366 Latine
1100 1311 1131 1368 et

82 1387 186 1448 Graece
210 1387 286 1444 dicta
306 1387 395 1444 ferme
417 1387 518 1444 eadem
537 1386 596 1444 sint
618 1390 648 1444 et
673 1387 709 1444 iis
731 1387 819 1445 etiarn
839 1406 904 1464 quae
925 1386 1051 1444 vicissim
1072 1387 1130 1445 dis-

81 1469 216 1542 crepent:
240 1466 316 1543 quod
336 1465 428 1540 ipsius
448 1469 679 1538 argumentorum
700 1466 761 1522 vim
781 1464 823 1522 ita
842 1465 949 1524 minuit
963 1472 996 1522 ut
1017 1465 1130 1525 elevare

81 1545 226 1616 videatur,
237 1564 326 1624 quum
334 1544 474 1601 nonnulla
482 1545 571 1602 etiam
582 1563 648 1602 cum
659 1545 732 1602 Osca
744 1543 846 1617 lingua
856 1543 1017 1602 communia
1026 1550 1129 1602 essent.

82 1625 161 1684 Nam
168 1623 240 1682 licet
249 1625 310 1682 haec
319 1623 509 1698 apudAnglos
519 1629 548 1680 et
554 1623 805 1698 septentrionales,
813 1643 884 1701 quos
893 1624 1047 1698 sepissime
1061 1624 1132 1682 citet

82 1703 116 1764 N
117 1703 275 1772 iebubrius,
294 1704 454 1760 communia
472 1703 548 1773 sint3
577 1703 638 1760 illic
658 1709 756 1760 tamen
775 1702 856 1760 deest
876 1708 954 1760 arcta
972 1701 1132 1760 flexionum

82 1781 233 1842 concordia
250 1799 283 1838 ac
303 1780 459 1839 similitudo
479 1800 537 1858 qua
551 1781 657 1839 Latina
670 1781 749 1839 Oscae
769 1781 875 1856 linguae
892 1785 1014 1856 utraque
1035 1785 1132 1840 autern

82 1863 192 1922 Graecae
212 1861 362 1937 jungatur,
385 1862 420 1918 ut
443 1861 529 1918 valde
549 1860 660 1918 laboret
682 1861 820 1936 probatio.
862 1862 903 1918 At
926 1878 1018 1935 neque
1042 1861 1133 1918 omnis

82 1945 183 2000 tamen
196 1943 262 1997 ante
277 1942 428 1997 evanescet
447 1957 534 2014 quam
554 1939 696 1997 constabit
716 1958 763 1996 aas
776 1941 929 1997 verborum
943 1939 1045 2013 stirpes
1061 1958 1133 2015 quas

83 2039 151 2078 cum
173 2016 274 2076 Graect
298 2036 463 2074 communes
482 2015 591 2095 'lrabeat
612 2017 717 2076 Latina
737 2025 788 2075 ant
807 2037 905 2076 omnes
925 2025 976 2074 aut
995 2018 1133 2091 plurimas

83 2101 171 2157 etiam
191 2097 295 2154 Oscam
314 2095 447 2153 habuisse
466 2095 661 2165 Sabellamve3
684 2100 714 2154 et
731 2096 816 2171 longe
829 2097 947 2172 propius
960 2097 1029 2171 ipsae
1047 2096 1132 2154 flexi·

84 2195 153 2234 ones
167 2174 336 2232 Latinorum
357 2175 497 2232 accedunt
511 2174 617 2233 Graecis
637 2195 724 2252 qnam
741 2174 890 2235 Oscorum.
934 2175 1018 2240 Quod
1037 2175 1062 2232 si
1076 2194 1134 2233 una

84 2255 217 2330 quaedam
230 2253 338 2310 familia
350 2255 500 2312 verborum
514 2253 622 2312 Graecis
633 2259 663 2312 et
676 2255 788 2312 Latinis
800 2255 963 2312 hominibus
976 2257 1134 2312 communis

84 2334 173 2391 fuerit
186 2333 289 2407 quibus
308 2351 353 2390 res
373 2339 529 2392 mansueta
544 2337 573 2390 et
589 2334 749 2392 domesticae
771 2334 940 2405 dicerentur,
954 2333 1053 2404 altera,
1069 2352 1134 2408 quae

87 2412 124 2468 ad
137 2431 198 2468 rem
211 2410 345 2468 bellicam
361 2418 447 2488 atque
466 2414 640 2470 venatoriam
653 2416 817 2487 pertineret,
836 2433 895 2470 non
913 2413 1010 2476 fuerit.
1024 2413 1053 2469 id
1069 2431 1135 2472 vero

85 2491 201 2566 insuper
214 2493 363 2549 accesserit
376 2492 453 2567 quod
465 2495 563 2549 narrat
576 2492 611 2549 de
624 2493 831 2566 Aboriginibus
843 2493 934 2550 Varro
949 2490 1135 2564 Pelasgorum

84 2569 248 2640 victoribus
261 2588 299 2626 ex
309 2570 420 2628 duabus
433 2571 526 2635 rebus.
538 2589 660 2646 quarum
673 2576 774 2628 neutra
788 2591 840 2648 per
850 2590 880 2628 se
891 2574 942 2628 aut
955 2571 1048 2627 inanis
1061 2571 1136 2630 foret

85 2651 137 2706 aut
149 2647 303 2705 admodum
316 2648 377 2720 fidi,
393 2649 472 2706 haud
485 2649 644 2706 invalidum
659 2650 800 2708 conflatur
813 2653 1026 2723 argumentum.
1054 2650 1073 2708 J
1074 2669 1134 2708 am-

85 2747 141 2803 que
165 2727 276 2784 invitus
296 2727 379 2785 fateri
405 2747 491 2802 cogor
510 2727 712 2800 Niebuhrium,
736 2731 759 2785 si
785 2749 866 2786 suam
886 2730 974 2786 tutari
995 2727 1137 2786 voluisset

85 2807 266 2874 sententiam,
279 2805 435 2864 Varronem
447 2806 619 2880 Aborigines
629 2811 897 2865 commemorantem
911 2807 1044 2864 insectari
1056 2808 1135 2865 haud

84 2884 223 2942 debuisse.
265 2884 466 2943 Donaldsonus
479 2885 556 2942 enim
570 2885 670 2943 scribit
682 2887 781 2962 (quern
795 2907 897 2962 parum
911 2890 1026 2944 cautum
1039 2887 1135 2962 potius

85 2964 255 3021 concesseris
283 2983 369 3039 quam
395 2983 499 3040 parum
521 2967 640 3022 acutum
666 2974 717 3022 aut
744 2965 948 3041 perspicacem)
973 2965 1047 3024 nibil
1075 2985 1134 3024 esse

84 3043 189 3100 mirum
202 3043 375 3116 Aborigines
389 3045 425 3101 ab
445 3043 564 3102 advenis
584 3043 616 3100 in
636 3046 748 3102 montes
768 3045 894 3119 primum
908 3044 1005 3120 pulsos
1025 3048 1090 3120 post
1103 3045 1135 3102 in

86 3139 198 3194 campos
219 3120 397 3180 descendisse
418 3123 549 3181 victores.
592 3122 675 3187 Quod
696 3123 763 3180 inde
784 3123 902 3198 colligat
923 3122 1001 3193 satis,
1024 3123 1133 3200 opinor,

85 3203 186 3257 notum
209 3202 262 3257 est.
309 3200 472 3260 Niebuhrio
496 3203 574 3260 enim
600 3201 705 3259 accidit
728 3202 794 3276 plns
817 3204 853 3261 ob
877 3222 940 3260 eam
964 3202 1136 3260 sententiam

88 3297 173 3354 quam
186 3277 334 3338 universas
347 3281 418 3341 alias
434 3283 464 3338 et
483 3285 550 3339 ante
570 3280 681 3338 laudari
702 3287 731 3338 et
747 3301 824 3339 nunc
842 3281 944 3354 temni.
987 3281 1137 3339 Sententia

89 3361 183 3415 autem
203 3357 265 3415 brec
287 3366 346 3417 est:
369 3359 457 3417 fuisse
477 3360 616 3421 nimirum
639 3359 783 3434 quandam
804 3379 937 3434 magnam
952 3360 1137 3434 Pelasgorum

89 3440 203 3509 gentem
225 3456 290 3514 quae
317 3437 414 3495 omnia
433 3441 506 3496 teste
527 3437 668 3514 AEscbylo
693 3437 734 3496 cis
761 3438 942 3514 Strymonem
969 3439 1135 3509 obtinuerit,

86 3533 178 3591 neque
204 3515 262 3572 alia
283 3522 379 3574 mente
401 3517 561 3575 Homerum
584 3515 665 3574 Jovis
689 3517 828 3576 Dodonaei
852 3517 963 3586 titulos,
983 3520 1137 3594 antiquum

89 3593 242 3654 'l'hessaliae
262 3614 367 3653 nomen
381 3615 610 3667 commemorare,
626 3598 656 3653 et
676 3596 753 3653 idem
766 3597 945 3654 Larissarum
957 3616 1062 3654 nornen
1075 3597 1134 3654 late

90 3691 203 3747 serpens
225 3673 354 3732 innuere.
395 3674 481 3732 Hanc
503 3675 533 3732 in
557 3675 666 3733 Graecia
685 3678 799 3748 gentem
820 3675 977 3750 partimin
1000 3675 1138 3733 Hellenas

89 3750 245 3828 transiisse,
258 3753 366 3828 partim
378 3762 413 3812 ut
426 3753 600 3830 Thesprotos
614 3754 814 3832 Molosscsque
832 3754 966 3813 Barbaris
979 3773 1135 3824 accensam,
