2594 4108
651 137 687 196 lc

141 295 206 360 sent
225 289 257 352 in
277 289 384 371 quibus
403 289 491 370 primi
510 287 588 350 inter
607 289 764 350 servientes
784 287 969 351 exstitemnt.
1011 289 1209 352 Niebuhrius

141 374 211 432 huic
223 392 320 432 rerum
334 372 424 430 statui
441 390 494 446 pro
513 391 564 429 suo
577 370 713 429 instituto
733 370 902 428 medebatur
914 389 932 428 a
945 370 1031 430 certis
1049 371 1205 430 ordiendi.

140 453 167 510 E
178 453 272 524 Festo,
284 451 316 510 id
328 454 373 510 est
386 469 401 509 e
412 450 519 521 Cincio,
535 449 686 525 municipii
699 448 919 524 descriptionem
932 449 1093 526 exscripsit,
1109 449 1206 509 illus-

139 531 239 599 travit,
253 549 338 606 parce
351 529 485 601 correxit,
501 529 533 588 in
547 548 655 590 errores
672 527 751 586 haud
764 533 849 588 antee
861 527 993 587 invectus
1007 547 1095 606 quam
1115 548 1206 588 erro·

138 629 200 670 rem
214 629 329 669 causam
343 609 501 669 detexerat.
1276 619 1277 626 ’

148 755 151 760 ,
180 689 218 747 Id
231 688 318 747 etiam
332 687 488 746 domestica
508 687 672 764 conjectura
691 685 899 762 depromptum,
916 687 1039 763 quodam
1054 687 1205 765 Dionysii

140 767 233 827 obiter
243 767 319 826 dicto
333 767 479 826 munitum
493 766 607 843 adjecit,
620 767 695 824 hane
707 765 878 824 relationem
890 766 966 824 inter
979 785 1061 840 pares
1074 766 1202 840 initam,

139 847 311 905 recentiores
335 845 405 904 adeo
428 851 558 904 auctores
585 847 652 914 ante
678 845 787 904 foedera
810 844 915 919 sapius
938 844 1015 904 bella
1039 865 1204 923 nunquam

139 933 220 1000 geste
233 925 314 1002 loqui
328 931 358 983 et
372 944 424 1001 pro
437 924 565 982 vanitate
579 924 709 982 Romane
721 923 865 982 victorias.
907 923 1002 990 Quam
1020 943 1088 982 sane
1101 925 1202 984 ratio-

139 1023 207 1062 nem
221 1004 309 1062 alicui
329 1023 367 1062 ex
386 1023 492 1078 magna
511 1001 696 1079 physicarum
716 1002 798 1080 copia
817 1003 944 1060 conferre
957 1002 1038 1073 libet,
1054 1008 1099 1061 est
1112 1005 1202 1062 enim

139 1083 193 1140 vix
214 1083 361 1141 incertior.
403 1081 518 1158 Quippe
539 1089 605 1140 ante
619 1082 649 1139 N
650 1089 795 1141 ewtonum
816 1100 849 1138 eo
870 1082 964 1140 stabat
983 1099 1082 1139 acrum
1105 1083 1201 1142 disci-

139 1162 220 1236 plina
233 1164 285 1238 qui
301 1163 388 1220 solem
406 1161 439 1218 in
455 1161 550 1219 medio
563 1162 744 1236 planetarum
763 1159 896 1236 interque
911 1160 1043 1234 planetas
1056 1166 1199 1238 quartam

139 1246 247 1300 terram
266 1245 413 1318 ponerent,
428 1241 504 1318 quod
520 1240 602 1297 illam
622 1240 712 1298 solam
729 1239 913 1314 supponendo
925 1239 1064 1298 facillima
1083 1241 1199 1299 multo·

140 1338 207 1378 rum
220 1319 292 1402 rstio
306 1321 473 1379 redderetur
480 1339 487 1389 ;
508 1320 553 1377 sin
563 1321 661 1386 autem
671 1319 737 1395 quis
750 1319 834 1394 plura
847 1321 877 1376 et
890 1317 1072 1391 impeditiora
1084 1339 1198 1395 suppo-

139 1417 207 1456 nere
225 1398 364 1457 vcluisset
382 1399 464 1456 nulla
477 1391 594 1457 vetaba't
611 1399 773 1456 necessitas.
816 1397 899 1461 Quod
912 1396 988 1454 idem
1006 1397 1082 1455 eirca
1094 1398 1199 1456 foedus

140 1477 278 1536 Latinum
292 1478 511 1553 Hernicumque
523 1477 640 1535 videtur
653 1477 797 1546 accidisse,
814 1495 907 1551 neque
926 1473 1003 1532 enim
1018 1477 1112 1553 major
1130 1497 1198 1536 esse

143 1556 265 1615 debebat
285 1557 363 1614 Livii
387 1577 475 1633 quam
499 1556 648 1616 Ptolemaei
674 1555 876 1631 Tychonisque
900 1555 1064 1625 auctoritas,
1090 1561 1144 1614 aut
1170 1557 1196 1613 si

70 1647 71 1653 ’
141 1635 219 1711 quod
232 1636 325 1693 adhuc
339 1637 460 1694 dubium
474 1634 512 1694 sit
525 1635 703 1705 concesseris,
717 1635 833 1692 nullum
845 1653 905 1692 esse
918 1634 949 1690 in
963 1635 1047 1692 rebus
1060 1634 1197 1710 physicis

142 1713 308 1772 auctoritati
322 1715 426 1784 locum,
440 1715 472 1772 in
488 1714 608 1772 historia
629 1719 728 1772 contra
745 1732 805 1770 esse
824 1712 901 1770 haud
915 1713 1064 1786 exiguum,
1077 1714 1196 1772 nullam

125 1815 132 1859 ῃ
140 1800 217 1850 certe
240 1793 469 1852 testimoniorum
488 1792 575 1850 fidem
597 1792 831 1852 auctoritatemve
853 1793 990 1850 Ncwtoni
1014 1791 1196 1850 demonstra-

140 1871 215 1929 tioni
236 1872 400 1940 contuleris,
424 1871 505 1949 atqui
527 1873 699 1930 testimoniis
720 1869 790 1929 satis
813 1871 901 1929 ferme
925 1869 1060 1930 creditur.
1102 1871 1197 1930 Ponit

139 1950 232 2024 igitur
249 1951 279 2008 N
281 1952 428 2010 iebuhrius
441 1952 535 2010 foedus
555 1971 669 2028 aequum
689 1959 754 2026 post
771 1955 887 2007 exactos
906 1968 995 2023 reges,
1013 1959 1043 2008 et
1062 1969 1197 2025 pugnam

140 2029 343 2104 Regillensem,
370 2032 404 2089 dc
428 2031 511 2107 cujus
534 2038 640 2088 eventu
661 2049 763 2106 parum
787 2035 924 2098 constare,
950 2027 1061 2086 Latinis
1088 2030 1196 2086 datum

140 2127 234 2185 neque
250 2110 408 2167 multorum
429 2111 521 2185 spatio
542 2113 607 2185 post
628 2127 768 2167 annorum
790 2127 856 2165 curn
877 2108 1012 2166 Hernicis
1032 2109 1196 2166 communi-

140 2193 247 2254 catum,
268 2189 348 2264 eSp.
366 2189 461 2247 Cassio
480 2196 644 2266 utrumque,
660 2189 691 2245 id
709 2190 808 2245 contra
821 2186 939 2244 Volscos
959 2195 988 2243 ct
1000 2187 1116 2262 AEquos
1135 2187 1195 2244 ini-

140 2271 205 2324 tum
217 2267 321 2344 (quum
335 2270 388 2326 sub
402 2269 477 2326 idem
491 2269 580 2326 ferme
594 2279 707 2343 tempus
717 2275 747 2324 et
757 2266 852 2323 ioedus
862 2274 891 2322 et
901 2265 1079 2322 Ausonieum
1091 2286 1193 2324 narre-

140 2350 190 2403 tur
203 2347 324 2423 bcllum)
339 2348 508 2405 Volscorum
525 2347 654 2405 victoriis
669 2345 842 2404 dissolutum
854 2344 943 2402 luisse
957 2344 1099 2402 Coriolani
1116 2349 1194 2403 tem·

140 2444 218 2500 pore,
233 2432 268 2483 ut
281 2444 346 2501 pars
359 2425 390 2484 in
403 2427 507 2484 horum
521 2426 659 2484 ditionem
673 2425 813 2494 cederent,
826 2441 892 2499 pars
905 2421 1042 2480 Romanis
1055 2430 1194 2500 parerent

140 2523 178 2560 cx
192 2505 276 2562 sociis
290 2505 398 2562 subditi
411 2505 496 2575 facti;
519 2505 684 2582 AEquorum
694 2504 804 2560 interea
817 2503 941 2577 impetus
951 2520 1026 2574 segre
1038 2500 1071 2560 in
1080 2503 1193 2576 Algido

142 2587 325 2656 sustentatos,
348 2584 399 2660 qui
421 2585 490 2641 dum
511 2583 636 2642 Romani
658 2581 794 2640 victorias
813 2581 1001 2656 loquerentur
1021 2581 1113 2640 Tibur
1132 2582 1193 2640 visi

141 2663 201 2721 sint
214 2669 244 2720 et
256 2663 401 2722 Praeneste
415 2663 575 2738 cecupbsse,
591 2662 648 2720 nisi
660 2669 745 2736 putes
758 2660 823 2718 illas
833 2659 1026 2741 Hernicorum
1039 2681 1092 2737 ope
1105 2661 1191 2718 resti-

138 2742 218 2799 tisse.
260 2742 328 2799 Post
346 2742 523 2816 redemptam
540 2761 608 2800 vero
628 2743 730 2798 urbem
751 2739 842 2796 credit
854 2737 972 2796 Latinos
990 2738 1022 2795 in
1039 2760 1133 2798 unum
1146 2759 1191 2796 re·

140 2820 227 2878 diisse
241 2821 286 2878 sui
301 2822 377 2898 juris
394 2821 493 2893 factos,
510 2821 587 2898 quod
600 2821 719 2876 innuere
734 2818 811 2894 apud
824 2817 857 2874 Τ.
870 2815 987 2874 Livium
1000 2817 1190 2877 defectionem

140 2898 235 2970 Latii,
258 2918 403 2976 quumque
416 2900 494 2958 inter
506 2902 568 2959 haee
578 2900 741 2974 AEquorum
755 2896 830 2954 belle
843 2897 903 2954 fere
917 2895 1063 2968 sileantur,
1074 2897 1190 2956 Volsco-

141 2997 207 3035 rum
227 2979 379 3036 debellatio
399 2985 531 3038 narretur
550 2979 632 3036 nulla
651 2979 711 3034 fere
730 2975 918 3033 rebellionum
938 2977 1083 3034 mentione
1103 2977 1190 3044 facta,

141 3075 267 3132 parasse
280 3057 332 3115 hos
345 3058 498 3133 ingruente
513 3059 641 3116 Samnite
655 3057 708 3112 vix
726 3054 883 3112 obtinuisse
897 3073 963 3123 sua;
987 3052 1053 3112 illos
1067 3075 1084 3112 a
1098 3055 1190 3114 Gallis

141 3155 289 3212 oppressos
303 3137 402 3196 eredit.
438 3137 596 3212 ingruente
611 3136 698 3193 ctiam
713 3133 841 3200 Samnite
854 3143 996 3190 resartum
1010 3153 1070 3191 esse
1084 3135 1187 3206 foedus,

141 3233 210 3273 mox
231 3226 328 3272 tamen
349 3216 467 3273 Latinos
490 3217 638 3274 civitatem
659 3214 822 3288 flagitantes
843 3211 875 3268 in
898 3211 1037 3270 ditionem
1060 3215 1189 3272 redactos

142 3305 212 3370 quot
226 3294 266 3352 cis
280 3295 399 3354 'l‘rerum
413 3295 559 3368 degerent,
574 3298 625 3351 aut
640 3294 758 3351 civitate
772 3292 890 3348 donatos
903 3309 966 3366 quae
980 3291 1041 3349 sine
1055 3293 1189 3366 suffragio

142 3373 268 3448 primum
278 3374 421 3452 plerisque
432 3375 500 3432 deta
509 3382 574 3450 post
585 3371 759 3445 suffragandi
769 3370 818 3445 jus
829 3369 964 3440 traxerit3
982 3371 1059 3430 ultra
1070 3373 1188 3430 Trerum

142 3452 290 3528 Lirimque
310 3453 370 3510 fere
390 3472 495 3510 novam
515 3455 638 3510 effictam
658 3461 774 3524 gentem
790 3448 851 3522 (cui
865 3448 1004 3508 Latinum
1022 3470 1128 3509 nomen
1146 3453 1189 3508 in·

141 3531 249 3608 ditum)
264 3551 304 3588 ex
316 3531 437 3606 triginta
449 3531 576 3604 coloniis,
592 3533 668 3609 quod
681 3548 791 3586 sacrum
805 3528 892 3585 fuisse
908 3525 1077 3586 Latinorum
1091 3549 1189 3588 nume·
1274 3593 1275 3598 ἵ

142 3629 207 3669 rum
227 3631 265 3668 ex
285 3611 351 3668 alba
371 3630 420 3668 sue
440 3611 533 3682 Iuleo,
554 3609 724 3686 populisque
742 3605 925 3678 Albensibus‚
948 3617 978 3666 et
997 3607 1113 3666 aliunde
1133 3610 1188 3667 col·

142 3687 218 3764 ligit.
260 3689 331 3754 Quae
350 3689 423 3748 ratio
436 3689 565 3748 Livianae
578 3708 611 3745 eo
624 3695 738 3745 tentum
751 3685 901 3760 discrepet,
917 3689 951 3743 ut
970 3686 1023 3744 ille.
1042 3687 1189 3762 gloriosior

142 3773 190 3844 sit,
205 3772 268 3830 haee
284 3769 446 3847 expeditior
458 3769 635 3845 planiorque,
653 3767 818 3841 intorques
834 3765 974 3826 veriorem
993 3765 1100 3846 eligere
1113 3769 1188 3828 haud
1274 3843 1275 3852 ἵ
