2594 4108
690 127 730 188 26

222 282 338 343 Scilicet
360 279 482 358 exponit
506 279 685 358 pedetentim
708 281 835 359 primum
856 285 891 341 ut
917 281 948 342 in
961 282 1094 343 Palatino
1120 285 1241 346 steterit

182 368 203 398 “
211 363 351 441 quadrata
364 359 487 431 Roma,”
501 361 580 420 utin
594 361 825 438 antiquissimum
841 362 1064 439 Septimontium
1077 369 1146 440 post
1160 383 1240 424 com-

180 441 358 502 municatum
373 440 622 515 creveritreguum
634 461 699 500 enm
709 441 871 506 Quiritibus
885 442 1116 518 coenobiumque
1139 445 1178 501 ab
1193 445 1240 504 his

178 539 342 580 concessum
363 519 497 595 (quorum
511 520 649 578 nimirum
669 519 789 578 concilia
811 520 842 576 in
865 540 929 578 area
950 520 1113 595 Capitolina
1135 527 1237 582 vetus·

179 599 289 659 tissime
303 598 418 658 comitio
431 599 612 668 haberentur,
629 600 722 658 forum
736 599 772 657 ab
787 605 907 674 utroque
920 600 1026 675 populo
1040 603 1238 661 communiter

178 681 390 754 usurparetur).
426 677 512 734 Hanc
525 677 619 736 adhuc
632 680 731 738 urbem
746 679 827 736 docet
841 697 906 736 cum
921 678 1043 737 Curibus
1056 683 1108 738 aut
1121 685 1159 738 ut
1173 682 1236 755 ipse

179 758 292 816 mavult
318 756 419 822 Quirio
443 757 527 814 modo
552 757 627 816 Jauo
653 757 762 834 duplici
785 757 874 815 fuisse
897 757 1081 834 conjunctam
1104 777 1144 817 ne
1167 779 1235 818 oon·

164 837 368 922 ‘funderentur
381 835 458 895 inter
471 853 501 894 se
513 835 665 913 utriusque
677 834 775 914 oppidi
790 835 875 910 cives,
889 835 1008 912 posthia
1026 835 1190 896 exsiccatas
1204 838 1236 897 iu

178 915 240 975 foro
262 914 391 992 paludes,
414 931 499 972 omne
520 915 673 974 discrimen
696 913 865 992 oppidorum
888 916 1034 973 sublatum
1060 915 1151 974 etiam
1174 917 1234 976 Lu·

177 994 303 1054 centibus
328 994 409 1068 paria
436 991 501 1070 jura
523 995 599 1066 data,
625 1013 697 1072 quos
721 993 754 1052 in
781 993 868 1052 (lelio
894 993 1039 1053 habitione
1060 996 1155 1069 ponit,
1185 995 1235 1054 ubi

178 1074 277 1132 domos
298 1071 478 1131 Albanorum
499 1073 665 1148 proceribus
688 1073 771 1132 dates
792 1077 1013 1130 commemorent
1036 1073 1162 1150 antiqui,
1180 1075 1233 1134 ubi

178 1153 294 1212 Etrusci
307 1151 395 1210 etialn
409 1151 515 1210 Gaelem
528 1153 690 1211 Vibennam
704 1151 863 1210 consedisse
882 1151 1063 1223 tradiderint,
1080 1163 1114 1212 ut
1131 1157 1234 1229 pateat

177 1233 220 1294 ibi
238 1229 381 1290 habitione
404 1229 456 1307 qui
478 1230 586 1290 civium
603 1231 672 1308 jura
692 1230 837 1290 liberrime
853 1229 1043 1305 impertirent,
1059 1239 1111 1289 aut
1127 1232 1233 1291 saltem

177 1311 220 1370 ita
247 1309 409 1385 antiquitus
433 1309 575 1368 creditum
602 1311 679 1386 quod
709 1329 761 1368 cur
790 1313 882 1384 poetae
907 1309 1050 1384 fingerent
1080 1314 1133 1368 aut
1159 1329 1233 1370 anus

178 1407 316 1466 senesque
329 1387 439 1463 garruli
452 1394 606 1460 uonesset,
623 1389 708 1465 quod,
723 1409 812 1464 quum
826 1388 935 1446 Cloacae
950 1387 1106 1464 Tarquinio
1120 1389 1231 1448 tribue

177 1476 279 1528 rentur
289 1487 376 1542 agger
389 1471 486 1526 autem
500 1467 608 1538 Servio,
625 1470 677 1526 sub
690 1470 807 1544 regibus
820 1466 931 1524 ultimis
945 1468 1077 1525 effectum
1090 1473 1189 1544 putat.

218 1548 324 1606 Contra
337 1546 543 1605 Mommseuius
555 1546 615 1606 nni
628 1547 773 1606 habittsse
785 1547 868 1621 ponit
880 1545 973 1604 tribus
984 1547 1119 1623 patricias
1133 1547 1168 1604 in
1182 1566 1231 1605 an·

177 1625 259 1704 tiquo
275 1625 473 1703 Septimontio,
488 1628 565 1702 qnod
576 1646 614 1684 ex
627 1627 731 1700 Argois
746 1624 865 1683 Sacellis
879 1624 999 1699 colligit,
1016 1645 1106 1702 quum
1114 1627 1148 1683 in
1162 1645 1231 1704 qua·

176 1705 267 1764 ternis
290 1705 370 1764 urbis
390 1705 554 1778 regionibus
577 1707 645 1764 bina
662 1709 846 1780 ponerentur,
860 1705 895 1760 de
916 1723 1037 1780 quorum
1053 1707 1141 1762 aetate
1155 1703 1231 1762 nihil

176 1787 296 1854 constat,
312 1788 347 1843 ut
359 1783 445 1842 liceat
459 1783 495 1841 iis
508 1784 559 1860 qui
572 1785 665 1843 velint
677 1783 833 1859 Tarquinio
847 1781 944 1840 Prisco
961 1782 1088 1841 tribuere
1103 1783 1167 1842 sive
1181 1782 1231 1841 alii

176 1864 301 1939 cuipiam
315 1863 365 1938 qui
379 1881 467 1920 unam
479 1866 581 1922 urbem
595 1863 730 1922 effecerit.
772 1863 801 1921 N
803 1882 847 1919 arn
862 1861 939 1937 quod
952 1861 989 1918 ad
1003 1862 1164 1920 Romulum
1176 1862 1229 1920 tri-

175 1939 386 2001 buunturnihil
400 1947 452 2013 est,
463 1943 519 2000 nisi
532 1943 563 2000 id
577 1943 664 2000 etiam
677 1943 792 2000 interna
804 1939 1006 2015 probabilitate
1019 1940 1058 1999 sit
1070 1942 1228 2012 munitum,

175 2021 299 2080 Athenis
320 2021 398 2079 enim
421 2021 556 2080 universa
577 2021 676 2080 Soloni
699 2021 926 2098 imputabantur,
949 2019 1060 2093 Spartae
1085 2020 1228 2096 Lycurgo,

176 2100 275 2160 Romae
287 2100 420 2158 Romulo.
442 2100 479 2158 Id
488 2119 555 2158 sane
563 2102 819 2160 Mommsenianam
828 2098 1000 2156 sententiam
1011 2098 1103 2156 tutari
1111 2099 1229 2156 videtur

176 2180 255 2256 quod
268 2178 361 2238 Varro
375 2179 477 2237 scribit
495 2179 615 2238 collinis
635 2179 782 2238 civitatem
804 2198 821 2236 a
838 2176 995 2252 Tarquinio
1009 2177 1115 2249 datam,
1131 2195 1228 2253 neque

175 2258 207 2317 id
220 2258 316 2334 ipsum
329 2259 357 2316 N
359 2257 483 2316 iebuhrii
497 2258 604 2318 rationi
621 2258 748 2316 multum
767 2258 942 2326 adversatur,
958 2274 1026 2313 nam
1046 2256 1071 2313 si
1090 2275 1129 2315 ex
1146 2256 1227 2313 illius

175 2343 272 2396 mente
290 2336 444 2396 credideris
462 2337 604 2396 Titienses
622 2338 833 2404 Ramneusium,
849 2333 980 2393 concives
1000 2336 1054 2392 sub
1069 2334 1226 2410 'l'arquinio

174 2417 276 2484 factos,
290 2416 416 2492 potuisse
430 2415 588 2474 Varronem
605 2417 713 2476 videris
733 2416 810 2493 quod
831 2413 945 2488 scripsit
965 2413 1098 2482 seribere,
1116 2431 1226 2472 necnon

174 2515 313 2571 occupare
326 2494 510 2553 Mommsenii
520 2496 713 2572 conjecturam
727 2493 908 2568 degentibus
922 2491 1081 2550 minoribns
1091 2496 1120 2550 et
1131 2491 1225 2569 dupli·

175 2573 247 2634 catis
257 2575 389 2650 equitum
403 2573 549 2644 centuriis,
566 2576 591 2632 si
604 2594 671 2647 ergo
685 2572 876 2649 occupaverit.
905 2569 1010 2645 Neque
1021 2570 1225 2645 negligendum

174 2659 219 2712 est
237 2656 366 2727 profecto
393 2655 428 2711 de
449 2654 526 2710 Area
546 2653 708 2728 capitolina
730 2651 929 2712 testimonium
952 2650 1002 2707 sed
1021 2650 1224 2726 explicandum

175 2733 253 2808 qnod
265 2733 341 2790 idem
356 2732 444 2791 etiam
458 2731 624 2807 Tarpeiensi
636 2732 743 2790 fabulae
757 2730 854 2788 deberi
867 2734 946 2806 puto.
982 2727 1076 2794 Quare
1090 2728 1224 2804 equidem

174 2811 263 2868 miror
282 2812 393 2870 haeres
411 2813 525 2869 tantum
541 2813 618 2889 apud
631 2810 853 2869 Mommsenium
870 2807 1002 2866 habuisse
1021 2807 1082 2865 vim
1098 2817 1134 2865 ut
1155 2807 1222 2865 Nie-

173 2889 272 2948 buhrii
298 2890 432 2959 rationes,
461 2911 525 2968 quae
551 2898 670 2966 pateant
692 2889 787 2957 latius,
817 2887 953 2946 subsidiis
980 2887 1146 2944 innitantur
1171 2886 1222 2944 lati

174 2970 281 3034 oribus,
295 2970 435 3046 rejecerit,
452 2970 518 3041 nisi,
539 2971 617 3046 quod
638 2971 722 3039 absit,
744 2971 842 3025 mente
862 2966 1001 3024 novitatis
1019 2965 1105 3022 avida
1122 2965 1221 3040 decep·

173 3051 238 3106 tum
252 3059 346 3124 putes.
386 3049 467 3106 Illud
482 3068 548 3106 vero
567 3069 683 3124 prorsus
703 3049 798 3105 nescio
817 3065 869 3104 cur
881 3054 947 3120 post
965 3051 1082 3102 exactos
1101 3065 1121 3101 rr
1132 3063 1180 3118 ges
1194 3047 1221 3102 et

173 3146 306 3201 aggerem
320 3127 476 3185 deductum
491 3127 584 3186 Servii
598 3128 708 3186 cloacas
722 3128 812 3184 factas
826 3124 1072 3192 finxerit,'11isiut
1086 3124 1141 3182 sibi
1156 3142 1220 3181 con·

173 3209 263 3264 staret
286 3206 437 3264 infractam
452 3206 543 3264 ,urbis
569 3211 741 3282 potestatem
767 3206 889 3262 Etrusco
916 3204 991 3262 bello
1018 3203 1171 3277 deneganti
1193 3205 1221 3260 et

172 3286 273 3361 priscae
287 3285 496 3359 magnitudinis
510 3285 650 3343 eximium
663 3287 876 3354 documentum,
888 3283 982 3341 foedus
996 3282 1059 3340 dico
1075 3282 1219 3353 Punicam,

173 3365 234 3422 sine
255 3383 340 3422 causa
354 3364 401 3441 (ut
420 3372 485 3440 post
505 3383 651 3439 operosam
671 3365 734 3442 ejus
754 3363 912 3420 orationem
932 3369 1030 3421 tamen
1045 3359 1174 3436 videtur)
1188 3379 1219 3418 ac

173 3446 280 3502 temere
294 3443 430 3502 elevanti.
472 3444 587 3501 Possem
607 3444 734 3520 profecto
754 3442 829 3500 hauc
843 3444 971 3499 virorum
991 3439 1173 3499 collationem
1185 3439 1219 3496 ad

172 3522 308 3581 ultimum
321 3541 411 3598 usque
422 3522 566 3598 prosequi,
579 3523 656 3599 quod
665 3523 798 3599 equidem
810 3518 1020 3578 existimationi
1033 3519 1061 3577 N
1063 3517 1222 3576 iebuhrium

173 3601 308 3660 nonnihil
334 3603 543 3660 conducturum
571 3603 767 3678 speravissem,
796 3601 860 3658 duae
887 3603 984 3656 tamen
1010 3617 1056 3655 res
1082 3596 1220 3654 umentem

174 3680 318 3751 cohibent,
334 3683 366 3739 et
378 3680 454 3739 enim
469 3682 594 3756 spatium
608 3681 738 3754 urgebat,
753 3682 783 3737 et
797 3677 1014 3746 Mommsenius,
1029 3695 1119 3753 quum
1132 3675 1220 3732 fontes

173 3757 291 3818 laudare
314 3759 450 3830 noluerit,
475 3760 508 3817 id
530 3761 633 3818 saltem
657 3759 753 3818 effecit
775 3777 812 3816 ne
835 3757 916 3816 salva
938 3756 1079 3814 modestia
1098 3752 1219 3831 juvenili
