2594 4108
658 97 695 160 12

153 256 257 316 accidit
270 257 353 316 nobis
366 257 457 316 effosa
469 257 620 317 voluntate
634 259 786 332 agentibus
799 277 901 336 parum
914 257 1017 316 virtuti
1031 257 1133 328 faeere,
1150 257 1208 316 ali-

152 337 267 412 quando
280 337 479 396 cohibentibus
492 338 642 413 impetum,
656 345 751 396 tamen
764 338 797 394 in
810 339 924 414 culpam
942 337 1066 395 incidere
1080 337 1210 396 affectus

151 415 244 474 nimii.
285 416 352 474 Non
365 415 442 474 enim
456 422 568 493 oportet
585 416 809 492 intelligentiam
826 417 981 475 humanam
994 435 1046 492 per
1060 435 1088 472 se
1102 417 1208 475 metiri
1274 457 1275 488 ,

149 497 274 562 tantum,
298 496 348 553 sed
367 497 453 554 rebus
474 496 692 566 accommodare,
716 514 781 570 quac
799 496 1019 554 accommodatio
1038 514 1144 569 magna
1162 515 1206 554 ex
1274 517 1275 570 ᾗ

150 580 232 648 parta
250 573 436 649 experientia
454 581 498 632 est
517 577 629 645 nostrae,
648 594 730 650 paene
749 575 843 650 majus
862 578 960 633 autem
980 573 1080 632 diunt
1099 576 1203 650 provi·
1274 577 1275 588 ¹

149 653 256 712 dentis.
274 653 395 712 Accedit
405 657 434 712 et
443 651 581 712 felicitate
592 653 744 724 immerita,
755 656 831 728 quod
842 654 893 711 ubi
904 653 1010 728 optime
1018 653 1205 712 Niebuhrius

148 732 342 807 perspexisset
362 751 455 790 eoram
474 731 624 808 discipulis
643 734 853 807 professus,
800 739 844 790 est
832 733 949 790 tnihil
968 751 1029 790 esse
1048 751 1084 789 an
1085 732 1204 806 tiquius

148 823 199 868 aot
212 811 304 885 magis
317 811 506 869 necessarium
519 811 550 868 in
563 811 685 869 historia
695 815 840 870 Ιιιιιιιιιιιο
853 811 975 869 feliciter
983 811 1199 883 investiganda,

148 907 236 980 quam
257 890 393 948 velutin
414 893 568 966 conspectu
587 890 643 948 Dei
666 895 763 948 sancte
784 894 928 982 casteque
939 891 1050 964 degere.
1092 891 1203 966 Neque

146 969 245 1026 minus
263 969 419 1026 faustam'
411 989 442 1026 ιιι
462 969 628 1026 humanis
619 989 766 1044 ingressus
785 969 861 1028 viam
885 969 946 1026 suis
967 969 1029 1044 ipse
1049 969 1200 1028 erroribus

147 1047 207 1104 suis
221 1067 259 1104 ex
271 1047 422 1122 principiis
434 1049 530 1106 madet
518 1055 574 1104 t.ur

187 1126 301 1202 Quippe
319 1126 477 1186 identidem
494 1127 642 1184 contendit
656 1127 769 1185 nullam
788 1147 850 1186 rem
866 1125 958 1217 magis
971 1146 1047 1184 verae
1065 1125 1200 1187 scientiae

146 1205 292 1262 adversari
312 1225 400 1281 qnam
419 1226 597 1282 eorumquae
609 1206 690 1263 nullo
710 1209 794 1264 modo
814 1205 881 1264 seiri
900 1208 1022 1280 possunt
1041 1207 1197 1265 scientiam

146 1288 290 1359 appetere,
315 1303 409 1359 neque
431 1305 513 1362 posse
535 1305 588 1342 nos
615 1304 713 1342 earum
739 1305 835 1343 rernm
862 1284 1054 1358 cognitionem
1078 1287 1196 1360 assequi

146 1382 269 1438 quarum
281 1371 393 1422 veteres
405 1383 462 1422 non
476 1371 526 1439 pot
514 1367 641 1434 tucrunt,
654 1363 737 1422 nobis
749 1364 780 1422 id
793 1363 877 1422 modo
891 1361 973 1420 relict
961 1366 1023 1420 tum
1036 1366 1071 1420 ut
1084 1382 1199 1422 errores

144 1447 284 1513 veterum,
301 1462 339 1499 ex
359 1443 428 1518 ipsis
448 1444 627 1519 plenumque,
642 1443 826 1514 corrigamus,
840 1448 870 1500 et
890 1442 972 1517 quasi
994 1461 1033 1498 ex
1052 1441 1197 1502 immenso

144 1519 233 1578 doet'
197 1525 282 1580 trinae
301 1521 400 1588 ιιιιιιο,
422 1541 511 1597 quum
531 1523 576 1580 illi
597 1541 690 1596 pauca
709 1491 895 1592 derivassent,
917 1521 964 1578 his
983 1540 1036 1578 nos
1056 1521 1196 1580 delibatis

144 1599 223 1656 sitim
235 1601 314 1658 haud
326 1601 423 1658 minus
436 1602 596 1658 excitemus
608 1620 696 1676 quam
709 1601 854 1660 satiemus.
882 1600 1030 1669 Quamvis,
1043 1600 1105 1657 haec
1117 1619 1195 1675 prae·

142 1678 229 1748 fatus,
257 1680 337 1738 hand
363 1699 427 1737 raro
448 1681 582 1754 nequiret
606 1680 661 1737 sibi
684 1685 851 1754 temperare,
877 1679 958 1754 quin,
986 1678 1038 1736 ubi
1064 1678 1197 1738 maxime

142 1757 277 1816 materies
294 1759 404 1816 deesset
422 1759 600 1833 conjectandi
619 1767 648 1816 et
668 1759 829 1833 corrigendi
846 1758 1053 1834 opportunitas,
1069 1757 1111 1814 ibi
1125 1759 1196 1832 plu-

142 1835 216 1894 rima
242 1857 276 1896 ea
298 1841 394 1895 mente
422 1838 603 1912 conjectaret,
626 1842 661 1896 ιιι
687 1859 740 1914 pro
762 1837 929 1896 certissimis
953 1837 1100 1894 interdum
1123 1856 1195 1895 oon-

141 1914 277 1987 firmaret,
302 1917 406 1992 saepius
428 1921 525 1974 tamen
548 1915 579 1973 in
600 1917 694 1974 medio
717 1917 901 1992 relinqueret.
952 1916 1108 1992 Cujusvrt
1064 1915 1132 1972 vitii
1159 1917 1196 1976 in

141 2013 246 2068 magna
261 1995 342 2070 copia
361 1995 446 2069 plura
466 1995 647 2085 exemplat
619 1997 751 2054 attulisse
770 1997 859 2072 piget,
873 1995 945 2053 satis
963 2013 996 2050 ea
1016 1994 1123 2052 cursim
1143 1995 1194 2053 in-

141 2073 236 2131 dicare
256 2094 323 2151 qnae
342 2076 378 2132 cle
399 2095 448 2132 cou
453 2075 548 2131 tinuat
549 2093 565 2130 ο
536 2075 734 2132 tFabiornm
754 2077 860 2133 honore
874 2074 1041 2132 disseruerit
1030 2081 1198 2164 t,quaeque

141 2153 177 2210 de
196 2173 300 2212 novem
320 2152 544 2212 adversariis'l'.
567 2153 669 2210 Sicinii
689 2154 787 2212 Volsci
808 2153 934 2212 consulis
957 2155 1198 2226 arrogantissime

139 2232 302 2307 protulerit,
318 2231 503 2306 posthabita
494 2233 587 2306 rpsius
599 2231 701 2290 Dionis
715 2234 868 2291 auctoritat
856 2239 885 2292 te
899 2233 1081 2292 tribunorum
1095 2233 1196 2307 plebis

140 2311 315 2387 supplicium
335 2311 441 2369 diserte
461 2318 682 2369 commemorant
684 2313 716 2370 is.
757 2313 819 2370 Nee
837 2311 951 2370 tacendi
970 2315 1066 2368 tamen
1086 2313 1196 2386 populi

139 2391 281 2448 Albenses
302 2394 378 2460 sunt,
401 2391 450 2447 sed
471 2391 567 2464 potius
583 2389 700 2465 juvabit
720 2391 830 2449 οιιιιιιοι
845 2391 968 2465 Georgio
988 2389 1112 2457 herisio,
1129 2392 1194 2449 civi

137 2475 244 2540 nostro,
261 2488 347 2544 quem
360 2467 513 2526 Niebuhrii
527 2487 621 2543 neque
634 2469 708 2528 felix
720 2489 849 2546 unquam
863 2469 1003 2528 divinatio
1016 2469 1194 2544 delectabat,

137 2567 232 2623 neque
251 2567 326 2605 vana
342 2549 451 2606 latebat
470 2547 632 2614 hariolatio,
650 2554 799 2624 acceptum
821 2550 926 2608 referre
945 2547 1118 2606 beneficium
1137 2553 1194 2608 do-

138 2627 216 2686 centi
235 2626 330 2684 locum
344 2626 433 2684 Plinii
453 2625 594 2702 imprimis
613 2645 762 2704 perperam
782 2633 812 2686 et
832 2628 893 2686 sine
913 2646 999 2686 eausa
1018 2629 1190 2704 interpunc-

136 2706 215 2763 tione
234 2709 379 2764 mntatum
393 2724 464 2776 esse,
479 2706 583 2763 deinde
601 2723 638 2764 ne
658 2710 803 2764 mutatum
816 2708 933 2783 quidem
947 2727 1033 2784 quern
1046 2708 1193 2768 voluisset

136 2786 167 2842 N
168 2785 317 2842 iebuhrius
331 2803 445 2842 sensum
458 2785 586 2856 fundere,
603 2803 694 2860 quum
710 2792 740 2843 et
755 2787 816 2862 ipse
828 2787 875 2844 vir
888 2786 926 2844 sit
938 2805 1060 2860 magnus
1074 2796 1103 2845 et
1116 2789 1192 2848 huic

136 2865 289 2922 academia
298 2865 366 2938 jure
380 2863 592 2936 dilectissimus,
602 2883 696 2940 neque
709 2865 763 2922 hoc
774 2874 901 2940 tempore
914 2866 1000 2924 facile
1012 2865 1190 2943 laudandus,

136 2961 226 3019 quum
239 2944 331 3000 ferme
341 2943 419 3000 idem
432 2943 471 3000 sit
483 2943 673 3001 Barbatulum
687 2943 778 3002 colere
791 2952 821 3002 et
834 2945 926 3003 odisse
940 2945 1097 3004 Levisium.

173 3024 217 3081 At
236 3023 313 3080 enim
333 3021 423 3080 nimia
443 3022 595 3080 dubiorum
618 3022 837 3097 reprehensione
858 3043 890 3082 ao
909 3023 1103 3083 uindicatione
1122 3045 1189 3084 cer-

133 3104 230 3160 torum
250 3099 442 3159 narrationem
462 3120 544 3176 paene
562 3101 733 3159 omissimus.
777 3101 917 3168 Quocirca
934 3104 1047 3162 dicetur
1060 3111 1086 3162 st
1074 3104 1188 3164 trictim

133 3181 258 3239 rationes
272 3200 338 3238 suas
350 3179 529 3237 Niebuhrius
547 3199 605 3256 quo
617 3180 799 3272 potissimum
816 3183 914 3240 ordine
928 3203 960 3241 ac
973 3183 1057 3240 modo
1071 3186 1188 3244 crebris

133 3259 380 3318 demonstraverit.
408 3259 491 3316 Duas
504 3259 631 3334 primum
643 3279 690 3317 res
702 3259 807 3350 posuit,
819 3281 898 3336 quas,
911 3265 1050 3338 tanquam
1062 3263 1189 3339 reliquae

133 3338 226 3430 operis
252 3337 329 3414 parti
355 3339 585 3410 fundamentum,
611 3339 788 3412 argumentis
809 3340 915 3416 quibus
940 3341 1038 3416 potuit
1063 3343 1186 3400 validis-

132 3418 213 3474 simis
226 3417 423 3488 communivit,
440 3437 473 3476 ea
493 3417 566 3486 dico,
581 3436 647 3508 quia
666 3418 764 3476 docuit
782 3421 847 3476 turn
861 3420 896 3476 de
911 3421 1047 3494 gentibus
1065 3440 1098 3479 ao
1115 3422 1189 3498 jure

131 3501 201 3570 gent
188 3496 280 3555 tilicio
299 3501 364 3555 tum
377 3498 421 3555 de
440 3499 546 3572 populo
566 3495 696 3573 patricio,
716 3496 792 3555 nihil
812 3497 890 3556 enim
910 3499 991 3558 aliud
1006 3499 1188 3561 discriminis

165 3649 175 3674 θ
192 3643 368 3693 Introduction
384 3645 413 3694 to
427 3659 514 3694 course
524 3643 552 3692 οι
566 3643 665 3692 Boram
679 3643 793 3709 History.

164 3723 176 3758 ι
192 3725 248 3778 Vol.
260 3727 282 3776 Ι.
293 3742 317 3776 x.
329 3727 354 3787 5,
365 3741 392 3776 ιι.
402 3727 444 3788 69,
456 3725 604 3792 Credibility
615 3725 644 3774 οι
652 3725 751 3776 Romus
762 3727 876 3794 Historp
887 3727 947 3780 lect.
956 3727 994 3790 ii,
1002 3744 1028 3795 p.
1039 3729 1109 3781 xciii
