2594 4108
226 709 283 787 DE
309 647 551 790 mutual]
575 712 765 790 tumus
790 713 842 791 Ill
867 711 1083 791 HISTORIA

367 861 558 940 ΒΟΜΑΝΑ
582 863 935 944 ΠΠἙΕΤΙΘΑΝὈΑ.

577 1078 731 1101 -ο-ι-

129 1212 254 1332 ΟΜΝΕ
269 1210 346 1288 quod
359 1209 519 1287 anquirunt
534 1211 666 1270 homines
683 1215 735 1270 aut
752 1211 858 1270 inutile
873 1214 918 1270 est
933 1213 984 1268 aut
999 1229 1102 1285 parum
1118 1230 1178 1268 oer-

180 1296 254 1358 tum‚
264 1309 357 1366 neque
371 1290 449 1362 enim
462 1291 532 1349 satis
542 1290 681 1349 utilitatis
690 1291 723 1348 in
732 1291 768 1348 iis
778 1290 953 1367 perspicitur
960 1308 1025 1364 quae
1034 1289 1180 1348 disserunt

127 1371 298 1448 plerumque
318 1369 441 1446 physioi‚
454 1369 548 1427 multa
567 1369 604 1428 de
617 1370 743 1429 motibus
756 1370 927 1440 coelestium,
942 1369 1036 1428 multe
1056 1369 1091 1426 de
1104 1372 1178 1426 tem-

127 1449 274 1526 peratione
292 1468 325 1507 ao
345 1447 528 1507 mistionibns
548 1448 755 1507 elementorum
776 1469 808 1508 ao
828 1449 966 1524 praeolara
986 1448 1175 1522 disputantes,

127 1529 275 1587 autetiam
289 1528 324 1585 de
333 1527 444 1601 origine
455 1527 625 1586 animalium
637 1527 859 1604 plantarumque
873 1527 1026 1602 generibus
1038 1527 1178 1602 utrinque

126 1607 260 1679 afferunt,
288 1606 349 1664 sive
373 1606 408 1663 de
431 1606 552 1682 antiqua
575 1607 689 1666 telluris
714 1607 815 1678 forma,
841 1610 990 1682 utcunque
1017 1605 1178 1682 conjectare

124 1685 206 1745 libet.
248 1685 306 1751 Qui
321 1684 450 1743 miserias
468 1705 536 1742 sane
555 1689 667 1744 nostras
687 1686 820 1761 paullum
837 1686 945 1756 levant,
962 1685 1012 1742 ubi
1029 1703 1133 1761 parum
1145 1685 1178 1744 in

124 1765 265 1824 virtutem
278 1782 432 1840 veramque
443 1763 613 1838 sapientiam
622 1764 726 1822 talium
734 1765 854 1824 seientia
863 1763 1078 1840 proficisoimur‚
1088 1762 1176 1822 immo
1215 1763 1217 1767 ’

124 1843 325 1902 infelicitatem
346 1862 450 1916 augere
470 1847 591 1914 possunt
607 1843 709 1916 videri,
726 1844 839 1921 qnippe
859 1842 911 1920 qui
931 1843 1028 1902 studia
1047 1862 1080 1901 aa
1101 1843 1175 1902 deei-

124 1922 205 1980 deria
225 1921 339 1988 mentio,
365 1940 430 1998 quae
453 1921 507 1980 vix
528 1922 640 1998 expleri
660 1927 777 1998 queant,
796 1923 828 1981 in
851 1923 946 1999 majus
972 1922 1094 1998 erigant.
1136 1923 1177 1980 Et

124 2009 222 2060 tamen
242 2001 306 2058 laus
326 1999 386 2058 illis
405 2005 504 2074 restat,
520 2019 572 2059 sua
589 2001 676 2058 immo
694 2002 817 2061 restabit
834 2021 963 2077 semper;
986 1999 1093 2060 seouris
1106 2001 1176 2060 lieet

123 2081 227 2138 merito
241 2080 348 2138 honore
361 2079 428 2151 frui,
445 2080 500 2138 etsi
513 2079 615 2137 mundi
628 2080 855 2156 puleritudinem
869 2080 957 2139 altius
975 2081 1096 2138 fortasse
1114 2086 1175 2138 stu·
1259 2115 1261 2122 ,

123 2162 212 2234 peant
224 2158 351 2234 puerilet
363 2163 465 2235 poetae,
481 2158 536 2217 etsi
549 2160 734 2217 barbarorum
748 2164 823 2218 artes
835 2159 958 2218 insitum
971 2178 1068 2218 rerum
1081 2159 1173 2234 splen·
1287 2205 1288 2234 3

123 2238 222 2294 dorem
235 2237 338 2296 melius
352 2237 512 2296 imitentur.

163 2316 246 2374 Adde
259 2317 486 2385 mathematicos,
500 2316 640 2393 quamdiu
652 2316 685 2374 in
697 2317 787 2393 puris,
802 2322 838 2376 ut
854 2317 1023 2394 loquuntur,
1037 2315 1124 2375 lineis
1137 2335 1171 2375 ao

116 2395 250 2452 numeris
262 2395 383 2468 herent,
396 2395 473 2453 nihil
486 2399 537 2454 eut
550 2395 683 2472 paullum
697 2396 837 2456 utilitatis
853 2397 952 2472 generi
966 2397 1092 2454 humano
1106 2415 1173 2454 oon·

121 2474 205 2542 ferre,
228 2474 278 2531 sed
300 2474 397 2550 potins
421 2474 454 2532 in
477 2475 616 2551 quasdam
637 2474 854 2534 inextricabiles
876 2475 1083 2534 controversias
1106 2494 1172 2532 oum

24 2562 28 2569 ’
120 2551 236 2610 infinita
249 2557 279 2610 et
292 2573 326 2610 ea
339 2553 456 2628 quidem
476 2553 617 2611 laudabili
637 2554 747 2628 ingenii
767 2554 950 2613 contentione
962 2553 1089 2612 incidere
1103 2554 1173 2611 dum

120 2630 280 2689 infinitates
293 2631 487 2691 infinitatibus
497 2637 680 2708 componunt,
694 2634 856 2710 adaquant,
872 2635 909 2691 ad
923 2633 1000 2692 idem
1012 2633 1172 2705 reducunt3

120 2720 152 2767 at
171 2710 326 2768 commodis
345 2711 480 2768 humanis
498 2714 563 2769 tum
584 2711 700 2768 demum
719 2711 858 2770 inservire
878 2732 969 2788 quum
988 2711 1115 2787 primum
1128 2730 1172 2768 re-

120 2787 199 2846 lictis
216 2789 391 2863 imaginibus
410 2791 446 2847 ad
463 2808 509 2847 res
528 2789 702 2848 descendant
721 2795 752 2849 et
768 2791 836 2849 falsi
850 2791 962 2868 aliquid
979 2790 1169 2848 immisceant.

120 2868 150 2926 N
151 2887 182 2926 eo
196 2869 292 2926 minus
305 2875 403 2926 tamen
415 2869 478 2926 ideo
493 2868 610 2926 laudare
624 2869 706 2928 decet
719 2871 988 2930 mathematioomm
1006 2873 1036 2928 et
1050 2887 1171 2926 acumen

121 2950 150 3004 et
170 2946 363 3005 industriam:
386 2947 470 3005 modo
483 2947 587 3023 nequis
606 2966 653 3005 eos
672 2949 781 3008 honore
801 2950 917 3026 proprio
931 2949 1046 3006 fraudet
1066 2947 1119 3024 qui
1139 2948 1170 3005 in

119 3024 204 3100 longo
224 3025 281 3084 alia
304 3025 425 3084 materia
444 3029 606 3097 versantur,
626 3028 718 3087 multo
745 3033 837 3104 magis
857 3046 891 3087 ea
917 3027 1041 3104 spinosa,
1062 3031 1093 3085 at
1112 3046 1170 3084 non
1287 3033 1288 3036 ’

118 3103 214 3162 minus
228 3108 303 3163 certe
317 3106 472 3164 fructuosa.

158 3182 311 3241 Neminem
325 3185 402 3242 enim
415 3185 543 3261 profesto
563 3186 641 3244 fallit
661 3189 803 3261 quantum
822 3185 951 3262 undique
969 3184 1168 3261 discrepantiae

118 3265 257 3332 occurrat,
270 3266 397 3338 quantus
408 3282 494 3336 error,
506 3271 616 3343 quanta
625 3265 791 3335 obsouritos,
804 3265 836 3323 in
846 3265 980 3323 omnibus
988 3283 1168 3340 quaeeunque

118 3339 154 3396 de
167 3339 236 3399 vitae
250 3341 349 3400 officiis
364 3343 561 3417 ambigrmtur‚
576 3343 612 3402 de
624 3347 729 3402 natura
743 3345 854 3415 auimoe,
871 3345 907 3401 de
921 3345 1006 3402 rebus
1019 3343 1107 3400 sacris
1121 3343 1168 3401 de·
1286 3345 1287 3416 j

117 3417 207 3493 nique
230 3425 259 3477 et
281 3420 481 3494 relligionibus
505 3423 732 3499 (quantumuper
754 3422 850 3481 Deum
870 3423 904 3482 0.
926 3423 969 3482 M.
994 3421 1064 3480 lieet
1086 3441 1168 3480 mens

116 3496 243 3555 humana
269 3497 329 3556 suis
354 3500 418 3575 ipsa
443 3501 519 3561 fretu
539 3501 650 3560 viribus
672 3501 704 3558 in
723 3501 814 3560 tantis
835 3503 921 3560 rebus
943 3501 1073 3579 polleat),
1101 3520 1167 3576 qnae

116 3575 226 3634 nesoire
247 3577 365 3653 quidem
387 3598 471 3639 nemo
495 3581 564 3639 vult
584 3579 706 3655 sapiens,
727 3584 858 3639 aoourate
881 3600 950 3638 vero
974 3580 1045 3638 seire
1065 3598 1102 3638 ne
1121 3599 1166 3637 sa-

115 3654 313 3730 pientissimus
326 3656 443 3732 quidem
457 3662 571 3735 potest:
593 3657 682 3716 immo
695 3659 798 3716 talium
818 3659 953 3718 stnd10s1s
966 3659 1087 3716 undere
1096 3658 1165 3732 jure

115 3734 240 3811 quodam
260 3735 316 3794 aibi
335 3736 472 3796 videntur
491 3736 681 3815 imperitiores
701 3738 779 3814 quod
798 3741 907 3816 quanto
926 3737 993 3814 plus
1012 3736 1059 3794 illi
1071 3755 1164 3812 operoe

614 3819 665 3875 na
