2594 4108
594 93 633 152 2³

88 243 214 304 toritatis
240 243 335 319 regia,
366 263 477 303 necnon
508 244 656 322 spicilegia
682 243 814 321 quadam
840 244 927 322 atque
954 241 1137 299 Chrestoma-

87 324 166 384 thiae
185 323 261 380 nihil
280 326 385 399 praeter
404 323 570 383 libertatem
590 343 698 382 merem
719 342 751 381 ao
773 320 892 396 gloriam
907 319 1056 396 spirantes,
1071 319 1137 377 uni-

88 420 184 460 versas
205 402 291 460 simul
311 403 383 460 adde
404 403 606 480 Shakespearii
628 401 780 480 paludatas
800 398 990 458 vetustissimi
1011 398 1136 456 auctoris

88 484 118 540 et
138 480 212 540 circa
231 481 352 540 minima
371 480 518 540 interdum
537 483 589 541 fidi
599 504 607 554 ;
639 485 674 540 ut
689 499 757 540 vero
778 478 898 538 sanioris
916 475 1028 557 aliquid
1047 480 1137 535 mate·

87 559 137 618 ries
158 560 386 636 conjectantibus
406 561 604 635 concedamus,
625 577 771 636 superesse
791 559 935 632 fingemus
955 575 1047 614 unum
1067 555 1138 614 alte·

86 637 204 696 rumve¹
221 639 426 706 commentarii
447 640 588 698 Liberalis
611 639 756 714 volumen,
773 637 915 694 nonnulla
938 635 1138 702 Quaestionum

85 716 165 786 folia,
180 719 258 776 unde
279 718 372 776 multa
391 719 512 778 fortasse
530 719 635 794 corrigi
654 721 771 795 possent
788 736 820 774 ac
834 715 959 774 feliciter
977 712 1136 790 explanari.

87 795 125 853 Id
145 795 289 870 fingemus
308 797 396 856 etiam
416 797 563 856 meliorem
583 798 709 856 fontium
728 799 841 872 partem
860 794 892 852 in
912 791 1089 852 Britannicis
1109 797 1139 852 et

87 873 252 934 Senonibus
264 876 442 952 temporibus
456 883 572 949 scatere,
588 875 728 936 nonnulla
748 875 785 932 ad
803 873 1079 950 Septentrionalium
1092 890 1138 930 res

86 953 217 1012 derivata
230 954 360 1026 attineat,
377 962 407 1014 et
427 955 458 1014 in
472 956 595 1032 quadam
615 958 724 1014 remota
741 952 837 1012 insula
856 953 887 1009 id
901 952 979 1029 quod
999 953 1065 1008 ante
1085 969 1138 1008 nos

86 1031 237 1091 finxerunt
257 1033 354 1104 multi,
375 1033 462 1092 multi
475 1035 594 1111 posthac
607 1035 727 1108 fingent,
747 1051 794 1090 res
813 1042 917 1090 nostrae
931 1051 948 1088 a
961 1028 1052 1088 doctis
1071 1049 1137 1106 per-

87 1115 257 1172 tractentur.
285 1111 443 1185 Constabit,
456 1113 565 1188 opinor,
578 1113 671 1172 multo
684 1110 779 1188 majus
789 1111 824 1168 de
837 1110 922 1168 rebus
930 1107 1137 1167 recentioribus

88 1191 260 1265 sperandum
274 1191 363 1249 fuisse
384 1192 464 1262 certi,
479 1192 572 1250 multo
589 1191 684 1268 majus
704 1189 736 1248 in
750 1188 952 1248 vetustissimis
965 1187 1135 1258 inventum

88 1271 194 1344 quippe
217 1270 248 1328 in
272 1269 332 1327 illis
354 1270 508 1330 facultates
532 1273 697 1330 auctoribus
720 1269 809 1327 fuisse
833 1267 1013 1344 copiosiores,
1035 1265 1067 1322 in
1090 1265 1136 1323 his

88 1353 238 1406 auctorum
251 1348 404 1423 diligentia
421 1350 545 1426 fideque,
562 1349 756 1424 angustiorem
770 1347 861 1405 multo
876 1353 906 1405 et
924 1345 1016 1420 magis
1030 1344 1137 1402 exilem

87 1427 236 1492 materiam
250 1429 368 1486 uberius
382 1427 532 1487 illustrari.
562 1430 581 1488 J
582 1428 684 1487 uvabit
696 1428 816 1504 inquam
827 1444 954 1503 quaerere
968 1422 1062 1501 qualis
1073 1435 1137 1481 tum

87 1507 187 1562 futura
207 1506 297 1564 fuerit
316 1507 421 1566 notitia
441 1508 661 1584 preteritorum.
702 1507 779 1564 Mira
799 1505 930 1582 quaedam
949 1507 1021 1580 puto
1042 1519 1137 1579 neque

86 1591 190 1643 uostrae
204 1585 317 1660 similis,
327 1605 430 1662 nempe
444 1606 510 1662 quae
523 1587 631 1664 optime
644 1584 840 1660 cognoscimus
858 1587 888 1641 et
905 1601 957 1659 pro
971 1581 1138 1640 certissimis

86 1662 249 1721 obtinemus
262 1684 296 1722 ea
309 1669 370 1722 tum
384 1666 521 1741 temporis
542 1673 607 1742 post
619 1669 664 1723 tot
677 1669 828 1743 tantasque
842 1663 1007 1721 litterarum
1020 1659 1136 1717 calami·

85 1744 161 1799 tates
180 1743 229 1800 vel
247 1743 374 1802 maxime
394 1745 490 1804 forent
509 1747 638 1803 obscura.
681 1741 798 1802 Scilicet
818 1761 870 1800 nos
889 1745 1020 1816 tempora
1038 1737 1136 1796 Caroli

85 1819 187 1890 Primi,
212 1821 338 1895 senatis,
362 1823 463 1900 populi
483 1823 561 1900 jure,
586 1825 639 1881 sub
657 1821 713 1879 filii
734 1822 797 1898 ejus
820 1839 925 1896 genero
947 1838 993 1877 res
1016 1825 1137 1876 novatae

86 1917 162 1956 nova
179 1899 246 1974 jura
259 1901 399 1977 principis
418 1921 495 1976 nova
513 1903 614 1979 populi
634 1920 718 1959 nemo
733 1900 848 1960 dubitat
866 1899 938 1979 quin
957 1897 1062 1955 melius
1083 1896 1136 1954 ali·

87 1983 195 2052 quanto
215 1979 420 2056 perspiciemus
440 2001 528 2060 quarn
548 1980 669 2040 Aluredi
696 1998 741 2036 res
768 1983 870 2055 gestas,
893 1976 1023 2036 Edvardi
1044 1975 1138 2038 Primi

85 2059 217 2131 tempora
238 2058 307 2116 satis
327 2058 533 2134 intelligamus,
555 2058 800 2136 parumsciamus
817 2059 886 2136 jura
905 2056 1134 2114 Bretvaldarum.
1168 2113 1170 2118 ,

87 2134 186 2192 Caroli
200 2136 277 2194 enim
292 2140 378 2213 atque
398 2138 549 2215 progeneri
568 2137 737 2214 respubliois
750 2137 930 2215 privatisque
943 2133 1137 2192 monumentis

85 2213 376 2370 titltffltlifi
396 2214 1012 2372 illitalestilisttutsstltltt
1025 2214 1134 2350 ibt·

525 2341 533 2369 l
1124 2335 1132 2362 1

87 2373 142 2430 sub
156 2373 327 2432 Bretvaldes
339 2375 400 2432 fere
413 2376 516 2432 omnia.

125 2452 224 2510 Potest
244 2458 340 2510 eutem
360 2453 424 2511 fieri
445 2453 634 2512 nihilominus
654 2458 688 2512 ut
708 2455 784 2514 circa
803 2473 837 2512 ea
856 2453 920 2529 ipsa
940 2449 1028 2528 (qua,
1043 2469 1135 2526 quum

84 2529 163 2588 inter
175 2530 285 2607 optima
302 2531 419 2608 cognita
432 2532 499 2608 ju're
518 2534 688 2605 referantur,
703 2534 863 2593 factionum
877 2541 974 2590 tamen
989 2531 1085 2588 studio
1103 2529 1135 2586 in

84 2610 213 2666 diversas
225 2616 322 2686 partes
342 2611 494 2670 trahantur
507 2613 596 2672 etiem
615 2613 707 2690 nuno)
722 2613 816 2671 minor
836 2611 985 2688 aliquanto
1006 2612 1135 2668 exstaret

84 2686 285 2764 infirmiorque
308 2690 456 2748 doctorum
478 2710 630 2750 cousensus
654 2711 742 2768 quam
765 2693 840 2751 circa
863 2687 1034 2768 quaestiones
1058 2687 1135 2763 apud

85 2785 137 2824 nos
156 2773 286 2841 vexatas,
308 2769 360 2827 ubi
380 2768 410 2826 id
431 2769 534 2829 fuisset
555 2789 735 2828 accessurum
756 2771 832 2849 quod
853 2768 973 2844 antiqua
993 2786 1052 2824 non
1073 2766 1134 2824 sine

85 2863 155 2903 cura
180 2847 351 2924 plerumque
379 2848 552 2920 scribuntur,
582 2849 708 2908 recentia
734 2869 799 2928 quae
826 2867 908 2907 nemo
935 2847 995 2905 fere
1022 2847 1136 2920 ignoret

85 2923 217 2989 silentur.
259 2927 354 2984 Immo
367 2926 445 2984 haud
459 2928 565 2985 mirum
580 2929 654 2985 foret
667 2927 692 2985 si
706 2932 850 2988 constaret
863 2925 958 3003 qualis
971 2926 1046 2983 foret
1060 2925 1134 2981 Con·

85 3011 190 3060 ventus
200 3005 399 3076 Prudentium,
410 3007 686 3081 Plautagenestanus
696 3015 792 3066 autem
808 3008 930 3066 Senatus
943 3005 1136 3078 ambigeretur

86 3080 183 3156 qualis
196 3083 295 3143 fuerit.
336 3084 445 3143 Verum
459 3087 537 3143 enim
550 3105 618 3144 vero
638 3085 670 3142 in
683 3086 851 3144 Enohiridio
866 3083 1064 3154 Parvulorum,
1078 3101 1135 3158 quo

84 3178 180 3250 neque
201 3161 344 3220 Diodorus
364 3163 466 3222 melior
485 3183 580 3242 neque
599 3165 724 3223 Joennes
745 3165 846 3242 Lydus
866 3170 973 3234 auctor,
996 3161 1136 3237 scriptum

85 3242 131 3296 est
152 3240 258 3299 diserte
278 3242 355 3318 quod
382 3244 435 3301 sub
462 3243 620 3301 Ricardum
648 3243 814 3302 Secundum
831 3262 923 3301 novus
946 3244 985 3299 sit
1011 3259 1072 3298 mos
1098 3239 1135 3296 il-

84 3316 162 3376 latus
176 3324 210 3377 ut
226 3320 305 3394 leges
325 3325 441 3380 senatus
460 3322 631 3380 auctoritate
650 3322 725 3380 letas
744 3343 797 3380 rex
817 3331 894 3380 ratas
914 3321 1029 3390 faceret,
1045 3337 1136 3395 quum
1159 3347 1163 3354 ·

84 3400 153 3454 ente
167 3400 305 3457 usitatum
319 3409 393 3459 esset
405 3400 484 3475 leges
497 3419 593 3475 regem
603 3401 678 3458 ferre
692 3408 824 3460 senatum
838 3408 914 3458 rates
924 3396 1135 3476 facere—quod

84 3477 108 3532 si
132 3475 198 3552 quis
212 3479 395 3536 adamussim
411 3479 521 3538 dictum
536 3479 664 3538 crederet
687 3480 888 3554 multomagis
906 3479 1042 3555 deceptus
1059 3477 1136 3534 toret

84 3558 210 3631 quamsi
224 3557 311 3616 Beda
332 3559 468 3628 crederet,
483 3565 534 3617 aut
546 3558 766 3618 Bretvaldarum
780 3562 951 3634 potestatem
964 3554 1133 3628 recensenti,

273 3717 283 3752 ¹
298 3721 469 3772 Gentlemen's
476 3721 616 3789 Magnana,
627 3721 676 3773 sud
687 3721 768 3772 Notas
778 3720 827 3772 and
838 3719 950 3783 Queriee.
