2594 4108
617 129 748 218 ιε,

109 309 172 371 tius
198 306 391 386 acceperimus
417 309 469 368 aut
491 307 593 387 priscae
616 307 767 368 hominum
787 307 879 370 indoli
901 306 1158 370 accommodatius:

111 409 179 448 nam
193 389 348 448 absurdum
361 395 436 446 esset
450 389 563 447 credere
574 388 732 447 Romulum
745 389 793 449 vel
803 389 893 448 ulium
907 389 1073 466 quempiam
1085 407 1161 446 nun·

112 487 199 545 quam
212 471 298 536 antea
311 466 477 543 conjunctos
485 468 610 544 potuisse
620 467 743 544 jungere
756 467 839 526 novis
852 470 948 539 sacris,
959 487 1033 527 novo
1045 465 1162 526 nomina

111 546 223 624 positis,
241 565 347 622 proavo
361 565 475 622 quoque
494 546 686 605 undecaetari
704 547 907 606 descenderent
926 565 1066 624 perquam
1085 565 1161 604 com·

110 626 193 684 mode
207 625 293 697 ficto;
315 624 458 684 iuvenisse
467 625 559 700 liquet
568 625 660 683 illum
667 628 775 700 gentes,
786 643 858 702 quas
871 627 1004 702 effingere
1012 623 1164 702 nequivis-=

111 712 164 776 set,
185 710 352 762 accuratum
368 723 436 760 vero
456 723 609 762 numerum
623 703 661 781 (si
679 703 795 780 quidem
809 705 898 764 talem
916 705 1038 764 veritate
1053 721 1158 774 rerum,

111 784 227 860 qualem
240 783 390 840 voluntate
410 782 573 853 conditoris,
586 802 715 858 unquam
736 783 882 842 exstitisse
900 783 1085 859 cogitandum
1103 784 1163 858 est)

111 866 163 921 aut
190 861 330 919 divisione
357 862 487 935 gentium
513 868 564 920 aut
587 861 787 938 conjunctione
810 862 977 938 suppletum
1002 861 1161 938 conjectare

110 941 189 1000 lieet.
225 940 286 998 Nec
299 943 397 998 tamen
409 960 507 999 veram
520 941 661 998 rationem
672 941 830 1000 deseruisse
843 943 959 1001 videtur
970 941 1000 1000 N
1000 939 1159 1009 iebuhrinn,

111 1039 202 1096 quum
216 1019 294 1078 dicat
306 1019 464 1093 gentilibus
484 1019 536 1096 qui
556 1039 735 1078 communem
754 1019 809 1079 sibi
829 1019 997 1095 sanguinem
1009 1037 1159 1094 nunquam

111 1099 316 1157 conscivissent
336 1117 514 1156 communem
534 1097 587 1156 vix
610 1097 803 1157 intercessisse
827 1099 1006 1174 sanguinem.
1048 1097 1159 1162 Quodsi

110 1178 234 1236 ulterius
243 1177 390 1235 tendimus
402 1177 474 1253 quid
484 1177 646 1253 opinionem
657 1177 752 1253 jacere
761 1178 902 1253 prohibet,
915 1178 1049 1252 gentibus
1057 1179 1092 1236 ab
1100 1195 1162 1234 una

112 1257 201 1334 stirpe
219 1256 350 1314 deductis
370 1255 497 1331 hospites
514 1256 690 1332 clientesque
710 1256 872 1332 antiquitus
890 1256 1043 1328 affluxisse,
1069 1274 1160 1314 sacro-

111 1355 235 1411 rumque
242 1336 333 1393 factos
346 1341 376 1394 et
388 1333 512 1393 nominis
520 1335 675 1410 participes
684 1339 841 1411 utrumque
851 1335 1013 1394 haeredibus
1024 1334 1084 1400 suis
1093 1333 1160 1392 reli·

112 1414 216 1490 quisse,
238 1421 375 1472 neutrum
396 1433 464 1472 vero
487 1417 615 1490 posteros
634 1418 669 1472 ut
692 1415 868 1489 accepissent
888 1413 1162 1484 communissima-

112 1493 246 1568 antiquos
258 1493 376 1551 interim
390 1493 512 1568 gentiles
525 1497 576 1551 aut
589 1492 672 1550 novis
685 1492 833 1551 immixtos
846 1492 965 1568 originis
979 1493 1106 1551 omisisse
1115 1512 1160 1550 re-

112 1573 314 1643 cordationem,
329 1573 407 1630 unde
426 1576 569 1648 postremo
583 1573 693 1629 factum
711 1575 746 1630 ut
759 1572 858 1630 heroes
880 1571 1015 1649 eponymi
1034 1571 1162 1648 require-

109 1657 211 1709 rentur
225 1651 277 1727 qui
289 1651 413 1710 nominis
430 1656 460 1709 et
478 1669 622 1708 sacrorum
636 1669 750 1708 eausam
764 1650 990 1726 suppeditarent,
1004 1651 1061 1710 ulia
1074 1650 1162 1709 etiem

115 1729 249 1788 sodalitia
265 1730 408 1805 prolatato
426 1729 542 1788 nomine
563 1733 662 1803 gentes
681 1729 831 1806 appellatae
846 1732 949 1800 essent,
966 1731 1044 1806 quod
1056 1729 1089 1788 in
1101 1730 1164 1788 Ho-

114 1808 231 1866 meridis
252 1808 332 1867 Chiis
351 1809 435 1867 facile
456 1808 638 1885 conspicitur,
661 1828 733 1884 quos
753 1808 880 1887 primum
903 1814 964 1866 erte
984 1809 1161 1885 rhapsodias,

114 1886 218 1944 deinde
231 1891 391 1946 commenta
404 1887 493 1964 stirpe
506 1887 583 1946 inter
596 1907 625 1944 se
639 1888 806 1964 conjunctos
815 1886 933 1964 pateat?
961 1888 1079 1959 Tamen,
1093 1888 1118 1945 si
1128 1888 1163 1945 ab

113 1965 176 2041 ipso
185 1966 279 2024 edocti
289 1966 422 2025 volumus
436 1969 471 2025 ab
485 1967 627 2024 erroribus
637 1967 775 2024 bonorum
786 1967 903 2038 discere,
915 1967 1041 2042 pretium
1052 1966 1108 2025 erit
1121 1971 1164 2024 at·

114 2044 232 2102 tendere
241 2065 298 2120 qua
305 2046 484 2121 potissimum
493 2065 577 2104 causa
585 2047 720 2120 deceptus
727 2046 867 2117 videatur,
878 2065 968 2121 quum
976 2047 1074 2104 eodem
1082 2043 1166 2122 quasi

114 2123 195 2180 fonte
209 2123 339 2182 derivata
352 2129 381 2182 et
393 2125 442 2183 hic
453 2144 531 2183 error
538 2131 568 2182 et
577 2125 671 2183 multa
680 2125 817 2201 praeclara
826 2125 883 2182 riri
891 2133 1005 2203 reperta
1015 2125 1163 2183 duxerint.

115 2201 232 2260 Habuit
243 2202 320 2260 enim
335 2203 390 2262 sibi
406 2223 573 2280 persuasum
595 2223 773 2262 communem
791 2204 850 2261 fere
869 2203 939 2261 olim
952 2203 1029 2262 iuter
1041 2205 1163 2274 Graecos,

115 2280 268 2354 Romanos,
285 2280 372 2340 immo
386 2283 537 2353 Teutones,
553 2282 642 2340 fuisse
658 2281 777 2353 victum,
793 2301 894 2354 mores,
914 2282 1058 2352 instituta,
1071 2300 1165 2358 neque

114 2359 190 2416 illud
212 2360 319 2420 frustra
340 2365 503 2436 auguratus,
528 2362 578 2420 sed
598 2363 675 2420 inter
693 2381 831 2435 magnum
851 2363 999 2420 doctorum
1018 2381 1165 2420 assensum

115 2438 233 2497 Manius
246 2447 358 2498 nostras
368 2459 481 2516 qnoque
496 2441 531 2498 de
544 2444 685 2515 potestate
698 2441 792 2516 patria
804 2441 888 2499 valde
902 2440 1007 2500 similia
1021 2439 1164 2498 disseruit.

156 2519 220 2584 Quo
230 2519 367 2578 videlicet
380 2519 500 2594 augurio
510 2521 540 2577 N
541 2519 670 2578 iebnhn'o
684 2519 797 2594 obtigit,
809 2521 879 2577 dnm
888 2519 1047 2596 probabilia
1059 2517 1166 2594 ignotis

116 2601 146 2656 et
159 2597 221 2672 ipse
229 2601 259 2657 et
270 2599 383 2674 antiqui
396 2599 617 2671 substituebant,
631 2598 719 2658 uthis
729 2618 808 2656 mera
821 2598 940 2656 inventa
952 2598 1166 2670 inducentibus,

115 2677 166 2735 ille
181 2678 252 2736 alias
265 2697 365 2736 revera
383 2677 461 2736 facta
474 2677 670 2746 substitueret,
684 2677 851 2736 facillimam
870 2677 1016 2752 ingressus
1033 2677 1120 2750 viam,
1136 2681 1167 2738 et

116 2775 182 2832 quae
191 2758 255 2815 fieri
265 2777 323 2814 non
334 2761 451 2832 possent
463 2757 500 2814 iis
514 2776 578 2833 quse
591 2761 707 2832 possent
720 2757 861 2830 mutandi,
877 2761 907 2814 et
919 2757 1026 2814 fabulis
1040 2756 1097 2814 vix>
1105 2775 1165 2814 cre-

115 2835 217 2894 dendis
227 2837 404 2912 probabilem
412 2835 552 2912 originem
561 2835 744 2910 suggerendi3
760 2855 883 2912 quorum
893 2835 1017 2893 alterum
1026 2835 1165 2894 novitatis

116 2915 242 2972 alterum
259 2915 393 2975 veritatis
411 2915 575 2974 amantibus
594 2915 743 2973 satistacit.
786 2914 875 2973 Meris
892 2913 968 2972 enim
983 2914 1164 2991 conjecturis,

117 3012 197 3068 quas,
212 2994 270 3052 nisi
280 2994 311 3052 id
322 2993 429 3052 inscius
440 2995 539 3068 egerit,
555 3013 699 3070 nusquam
708 2995 768 3051 fere
781 2993 881 3052 volens
892 2993 1016 3064 admisit,
1027 2995 1059 3051 in
1071 2993 1125 3052 hac
1135 3012 1166 3051 re

116 3091 174 3130 non
185 3092 295 3149 semper
308 3093 379 3149 opus
387 3077 456 3144 erat,
466 3093 561 3150 neque
570 3073 601 3131 in
611 3073 752 3148 exemplis
762 3073 937 3130 adducendis
947 3072 1167 3131 similitudinem

120 3151 228 3226 fingere
242 3161 428 3212 consueverat
436 3153 466 3210 N
466 3153 616 3211 iebuhrins
626 3153 676 3210 sed
684 3151 824 3222 invenire,
836 3152 1043 3228 inventamque
1051 3151 1167 3225 longius

116 3231 259 3307 prosequi,
276 3251 447 3308 quocunque
467 3231 618 3290 accidisset
638 3234 759 3298 eventu:
782 3250 907 3307 namque
927 3231 1073 3288 interdum
1090 3229 1166 3288 nihil

117 3309 232 3368 differre
247 3313 410 3388 apparebat,
425 3311 571 3370 interdum
585 3311 704 3369 fallebat
718 3311 810 3368 latens
824 3310 923 3387 aliqua
936 3309 1097 3368 diversitas.

131 3419 134 3424 ·
157 3388 274 3463 Optima
294 3401 390 3448 tamen
413 3390 531 3448 fortuna
553 3409 623 3448 usus
642 3389 692 3465 jus
716 3388 868 3464 municipii
891 3387 1053 3464 isopolitiae,
1079 3406 1168 3464 qnam

117 3467 213 3528 Greci
220 3471 370 3541 vocabant,
382 3467 548 3526 felicissime
557 3469 755 3542 comparabat;
777 3467 853 3525 nihil
861 3467 939 3526 enim
948 3471 1010 3524 eret
1019 3466 1168 3526 obscurius

115 3548 224 3606 foedere
244 3547 357 3616 Latino,
372 3548 507 3625 quoniam
528 3567 579 3623 per
592 3546 754 3622 superbiam
768 3548 971 3617 Romanorum,
988 3545 1040 3622 qni
1056 3563 1168 3620 semper

115 3626 295 3703 imperitasse
310 3627 405 3685 videri
417 3626 538 3685 mallent
551 3645 638 3702 quam
651 3631 768 3684 strenuo
781 3624 893 3692 vicisse,
909 3624 988 3682 haud
1003 3623 1167 3684 tolerabiles

115 3707 173 3764 huc
193 3706 375 3784 irrepsisseut
392 3707 494 3776 turbae,
512 3723 607 3783 neque
626 3703 721 3780 prisca
739 3703 891 3781 municipii
909 3704 1061 3780 aequalitas
1080 3701 1167 3760 intel·

115 3786 264 3865 ligeretnr,
284 3788 336 3846 ubi
355 3787 440 3865 plura
460 3786 535 3846 circa
555 3784 770 3859 municipesde
790 3782 967 3860 temporibus
987 3787 1104 3858 accepta
1122 3799 1168 3840 ess
