2594 4108
653 99 690 156 10

146 250 298 312 admittere
317 252 410 326 debet,
431 252 551 312 minime
570 271 664 312 errare
687 252 859 313 sententiam
879 253 942 332 ejus
962 252 1085 313 Fabium
1106 253 1192 314 Olau-

147 331 227 389 dium
243 331 398 402 Licinium,
412 332 489 408 111111
503 333 650 391 interdum
669 333 783 391 fabulas
801 333 886 392 Livio
903 338 933 392 et
953 333 1094 412 Dionysio
1108 335 1192 407 louge

145 411 341 480 autefereutis,
351 411 459 488 quippe
472 412 524 488 qui
536 412 647 470 nullam
660 431 755 470 rerum
770 411 933 486 imaginem,
946 412 1060 488 qualem
1067 413 1192 471 vetusti-

146 488 243 548 oribus
264 489 352 548 etiam
371 489 548 564 fingentibus
565 495 669 567 praesto
686 490 776 549 fuisse
791 511 843 566 par
856 495 1019 568 1111111111
1037 511 1070 550 11
1084 493 1191 566 cogita-

145 568 224 626 tione
242 569 444 645 concepissent,
460 570 643 646 optimatium
662 589 772 646 semper
789 575 875 645 atque
893 569 1076 647 popularium
1095 575 1193 646 partes

142 647 296 720 cogitando
305 655 431 707 veterem
444 669 540 706 rerum
554 649 655 707 seriem
666 653 728 707 tum
742 649 928 724 patriciarum
940 653 1005 708 tum
1014 650 1193 725 plebeiarum

145 725 221 784 foede
231 729 442 801 conturbarent,
456 747 568 786 omnem
581 729 745 787 fabularum
758 728 887 786 decorem
897 729 1050 795 elevarent,
1063 728 1193 786 historiae

144 803 232 862 fidem
252 807 394 878 tollerent,
411 809 480 866 dum
502 808 616 882 singula
636 808 713 866 inter
732 827 762 865 se
781 807 972 876 reconciliare,
993 806 1134 882 probabili
1156 815 1194 865 ut

145 881 275 944 ferebant
288 885 394 944 rationi
413 887 633 957 accommodare,
648 905 759 944 necnon
777 885 920 944 erroribus
938 886 1101 944 domesticis
1115 905 1192 943 com-

144 964 307 1040 mentisque
319 965 509 1040 discrepantia
522 965 647 1024 eximere
662 966 819 1023 studerent.

185 1040 279 1106 Quam
302 1048 413 1101 tantam
433 1045 536 1102 molem
558 1063 592 1102 ea
617 1045 680 1118 lege
703 1041 883 1102 Niebuhrius
908 1062 1057 1117 aggressus
1081 1047 1133 1114 est,
1156 1047 1195 1102 11

145 1139 324 1198 quascunque
342 1123 435 1182 adbuc
455 1127 602 1180 exstarent
622 1123 817 1198 antiquiorum
834 1121 985 1197 relliquiae,
1002 1141 1049 1179 eas
1069 1133 1194 1191 erueret,

144 1200 297 1270 ordinaret,
321 1203 487 1277 explicaret,
511 1201 572 1259 sive
595 1203 732 1261 fabulosae
754 1201 893 1260 habandae
917 1206 999 1260 erant
1020 1199 1081 1259 siva
1095 1221 1193 1273 verae;

143 1297 226 1336 veras
250 1285 347 1338 autem
370 1282 492 1356 quadam
517 1281 656 1354 singulari
679 1280 832 1356 prudentia
855 1283 1032 1354 agnoscebat,
1058 1280 1135 1339 inter
1157 1301 1195 1338 ea

143 1357 269 1416 maxime
292 1379 357 1435 quaa
380 1359 498 1433 Livium
517 1363 547 1417 11
568 1359 740 1436 Dionysium
766 1359 943 1417 offenderant
964 1365 1015 1416 aut
1035 1359 1194 1428 latuerant,

144 1455 266 1512 quaeque
287 1438 469 1514 interpretari
482 1439 563 1497 nullo
583 1439 667 1496 modo
687 1439 855 1512 interrogati
874 1438 1054 1512 potuissent;
1076 1440 1194 1496 accede-

142 1517 213 1574 bant
240 1517 335 1574 0mnia
361 1517 522 1576 sincerioris
544 1517 673 1577 historia
694 1518 825 1591 vestigia,
849 1535 915 1592 111
938 1517 1026 1574 etiam
1053 1517 1085 1574 in
1111 1519 1195 1593 frag-

143 1595 248 1652 mentis
262 1596 477 1670 diligentiorum
489 1596 681 1656 traderentur.

146 1695 148 1698 ·
182 1674 288 1750 Neque
297 1677 428 1750 sperabat
438 1696 475 1734 ex
485 1676 530 1734 his
541 1675 705 1734 continuam
716 1675 790 1734 effici
799 1694 881 1752 possa
891 1673 1058 1746 historiam
1074 1673 1194 1750 singula

142 1754 226 1810 modo
239 1760 315 1812 recte
329 1757 502 1813 constituere
511 1753 634 1826 volebat,
651 1775 718 1814 vera
732 1755 820 1812 simul
832 1753 914 1811 falsis
923 1754 1033 1812 incerta
1047 1754 1131 1812 certis
1146 1775 1195 1812 se·

139 1831 270 1908 jungere.
302 1831 489 1908 Quaecunque
499 1834 534 1892 de
548 1833 672 1892 Romulo
686 1835 840 1908 Numaque
850 1837 1107 1891 commemorantur
1117 1833 1197 1892 falsa

142 1912 202 1968 fere
216 1911 311 1968 omnia
325 1917 375 1970 aut
389 1913 498 1971 incerta
512 1913 663 1988 judicavit,
679 1914 771 1971 inesse
784 1917 880 1970 tamen
895 1911 1084 1987 (eruebantur
1097 1912 1194 1990 enim)

142 2009 225 2046 veras
238 1991 442 2048 nonnullorum
460 1991 592 2066 origines,
611 1991 765 2068 inquibus
783 1989 893 2048 comitii
911 1991 1036 2065 Janique
1056 1989 1197 2066 Duplicis

142 2069 196 2126 sub
208 2067 333 2126 Romulo
346 2070 431 2128 initia
443 2069 476 2128 in
486 2089 610 2146 praesens
620 2071 727 2130 dixisse
741 2071 812 2129 satis
825 2073 876 2139 est,
889 2072 953 2144 post
962 2069 1115 2144 utriusque
1125 2089 1195 2144 pre-

142 2145 216 2204 tium
230 2149 391 2206 aestimandi
404 2149 484 2207 locus
497 2150 561 2208 erit.
604 2151 728 2208 Caeteros
742 2153 777 2208 ab
791 2147 876 2206 Tullo
890 2147 1017 2205 Hostilio
1032 2167 1112 2205 orsus
1126 2168 1196 2224 my-

142 2225 315 2298 thistorieos,
331 2231 366 2286 ut
379 2228 440 2303 ipse
454 2229 533 2300 dicit,
550 2234 654 2293 censet,
668 2248 750 2303 posse
768 2228 846 2286 enim
864 2226 1004 2284 circasse
1022 2227 1195 2286 1111111111

141 2304 313 2381 Tarquinios
338 2307 516 2383 Servumque
537 2309 713 2382 probabilem
733 2327 830 2365 rerum
853 2305 955 2362 seriem
979 2304 1094 2380 exquiri
1113 2305 1196 2364 nihil

142 2387 238 2441 autem
253 2384 321 2442 satis
335 2385 436 2458 solidu,
450 2405 547 2444 veram
560 2386 686 2460 primum
700 2387 876 2460 eandemque
888 2383 1084 2458 imperfectam
1098 2383 1194 2442 histo-

140 2461 212 2530 riam
228 2482 245 2520 a
258 2463 347 2522 Lucio
359 2465 378 2522 J
379 2464 448 2522 unio
462 2465 552 2523 Bruto
566 2465 700 2541 incipere,
720 2465 808 2522 fastos
822 2463 899 2520 enim
913 2465 949 2520 ab
962 2481 995 2520 eo
1008 2482 1085 2520 orsos
1100 2464 1194 2521 licen-

141 2539 211 2598 tiam
222 2542 354 2600 fictorum
364 2563 423 2600 non
433 2543 507 2601 nihil
518 2544 687 2615 cohibuisse,
699 2543 754 2602 etsi
767 2541 973 2618 Tarquiniense
983 2561 1096 2599 carmen
1109 2543 1195 2600 haud

142 2625 208 2678 ante
222 2640 349 2694 pugnam
366 2622 558 2695 Regillensem
572 2623 688 2680 desiisse
700 2625 793 2698 111111,
809 2640 901 2699 11111
919 2619 995 2696 ipsos
1007 2621 1096 2678 fastos
1110 2621 1194 2678 omni

142 2717 236 2756 carere
259 2699 331 2757 vitio
354 2701 511 2771 restitutos,
537 2722 570 2760 eo
591 2705 706 2760 tantum
732 2701 870 2776 potiorem
900 2699 988 2756 fuisse
1017 2700 1194 2775 scriptorum

142 2795 229 2851 quam
239 2783 387 2853 poetarum
398 2782 606 2849 auctoritatem,
620 2779 774 2856 quieveris
785 2779 912 2836 falsailli
922 2777 1091 2853 adjecissent
1103 2781 1194 2836 modo

141 2854 174 2912 hi
198 2857 283 2914 etiam
306 2858 544 2917 immiscuissent:
578 2860 629 2916 ubi
653 2868 750 2916 autem
774 2859 810 2916 ad
833 2857 969 2914 inferiora
989 2857 1193 2932 descendatur,

141 2939 204 2992 tum
218 2936 404 2995 certissimam
419 2957 498 3012 possa
512 2939 591 2996 refici
601 2937 758 3009 historiam,
774 2955 877 3011 nempe
890 2943 1051 2994 accuratam
1063 2936 1100 2992 iis
1113 2940 1191 2994 tem-

140 3013 256 3088 poribus
277 3016 422 3074 exstitisse
443 3017 608 3092 reipublioae
625 3036 754 3074 normam
774 3017 811 3073 ad
830 3034 918 3090 quam
937 3015 1051 3088 singula
1070 3016 1193 3090 exigere

140 3091 172 3149 in
191 3099 326 3168 promptu
347 3115 416 3166 esse,
438 3095 527 3154 immo
547 3096 624 3171 quod
647 3096 682 3152 ad
707 3115 751 3152 res
772 3093 872 3152 civiles
895 3093 999 3151 attinet
1019 3093 1112 3151 multo
1136 3097 1191 3154 ob-

141 3171 265 3237 scuriora
286 3191 346 3230 esse
360 3194 425 3250 111
447 3194 465 3232 a
483 3175 547 3248 lege
561 3173 717 3232 Hortensia
730 3193 821 3248 usque
835 3174 872 3230 ad
884 3171 1028 3230 tumultus
1041 3171 1193 3232 Marianos

140 3261 308 3323 gererentur
325 3271 412 3327 quam
432 3271 550 3328 eaquae
571 3253 702 3329 superius
722 3251 886 3310 acciderint.
929 3249 1012 3314 Quod
1032 3250 1193 3310 Niebuhrii

139 3329 258 3402 dictum,
276 3331 300 3388 si
314 3332 361 3389 cui
375 3332 527 3390 audentius
545 3333 702 3408 apparebit,
716 3351 768 3389 nec
781 3331 933 3388 defendere
946 3347 998 3385 nec
1011 3329 1142 3386 refellere
1157 3331 1193 3389 in

139 3407 234 3467 animo
257 3413 317 3482 est;
344 3411 460 3470 tametsi
482 3410 558 3469 tanti
582 3410 639 3470 viri
661 3409 827 3468 auctoritati
850 3411 952 3467 debera
975 3406 1048 3464 mihi
1068 3408 1193 3468 videbar

139 3488 216 3561 quod
239 3488 422 3548 dictitaverat
442 3491 565 3565 referre:
595 3489 627 3548 id
650 3490 737 3548 etiam
758 3489 831 3548 libet
854 3488 985 3564 adjicere,
1009 3487 1193 3562 probabilem

138 3565 279 3624 rationem
296 3569 476 3628 comitiorum
496 3569 722 3627 centuriatorum
741 3568 839 3644 qualia
857 3567 974 3626 Servius
986 3565 1137 3642 reliquerit
1150 3587 1193 3626 ex

138 3645 311 3704 testimoniis
320 3652 449 3706 veterum
462 3649 542 3708 reddi
555 3667 647 3726 posse,
662 3647 760 3725 qualia
772 3646 916 3707 invenerit
927 3644 1025 3704 Cicero
1039 3647 1091 3706 vix
1103 3665 1193 3722 posse
1281 3665 1282 3730 f

139 3723 323 3800 conjectando
337 3727 481 3804 expedivi.
524 3763 527 3772 ·
