2594 4108
134 305 258 368 lloloniae
271 310 301 368 et
313 307 421 368 Bonnae
439 309 577 384 expertus
594 311 806 385 peropportune
823 309 970 380 memorat,
984 325 1078 382 neque
1091 305 1189 366 omnis

133 393 283 446 evanescet
295 387 401 446 Dionis
414 386 578 458 auctoritas,
594 387 619 445 si
638 406 777 464 ponemus
795 405 862 444 eum
880 385 997 462 quidem
1010 387 1188 462 expressisse
1278 455 1279 460 ἵ

131 465 265 536 Fabium,
286 485 373 542 quern
387 485 491 543 perum
508 465 694 542 intelligeret,
717 464 877 542 superiores
894 483 989 540 neque
1004 463 1187 524 intellexisse

132 545 203 603 sutis
217 563 311 620 neque
321 544 544 622 expressisse‚in
553 545 653 622 paucis
663 545 746 604 modo
756 542 827 601 locis
836 541 1005 620 peritiorum
1013 544 1102 602 rerba
1115 563 1185 602 casu
1278 575 1279 594 r

131 624 256 700 quodam
270 623 404 684 servisse.
446 623 569 682 Fabium
583 629 680 682 autem
691 643 756 683 cum
767 621 928 682 Niebuhrio
938 621 1058 680 sensisse
1072 623 1185 682 accedit

130 703 211 773 fides,
224 721 315 778 quum
325 703 501 780 judicaverit
511 703 545 760 L.
560 702 676 762 Cincius
684 701 810 779 aequales
817 701 992 760 Hannibali
1000 721 1097 758 omnes
1105 701 1186 761 cives

130 781 235 840 liberos
245 781 407 858 antiquitus
419 782 556 858 patricios
569 781 735 858 appellatos.
778 779 862 846 Quod
870 782 965 838 autem
977 780 1124 853 adgentes
1137 785 1184 838 at-

129 858 249 932 tinebat,
265 862 364 918 eadem
381 860 471 918 ferme
484 860 601 918 fortuna
614 861 719 936 obtigit
737 860 852 918 disertis
864 865 996 918 veterum
1008 859 1184 917 testimoniis

129 938 234 1009 inuiti;
258 938 368 998 scilicet
389 944 535 998 auctorem
554 941 679 998 habebat
696 941 738 998 M.
753 938 893 1009 Tullium,
910 938 1032 1012 gentiles
1050 957 1110 996 esse
1130 938 1185 1014 qui

130 1017 229 1075 eodem
252 1017 368 1076 nomine
395 1023 498 1092 essent,
523 1019 622 1076 eadem
647 1019 787 1077 habereut
814 1036 902 1084 sacra,
926 1016 1050 1091 denique
1072 1016 1130 1092 ipsi
1152 1021 1185 1076 et

129 1095 252 1172 majores
276 1115 374 1155 eorum
398 1097 482 1154 libori
506 1101 601 1154 essent
624 1099 653 1156 et
676 1096 813 1173 ingenui:
841 1114 936 1172 neque
959 1099 1058 1153 tantus
1081 1099 1186 1154 auctor

129 1179 252 1250 usquam
265 1177 386 1234 verbum
400 1176 435 1234 de
449 1175 617 1251 cognatione
630 1175 709 1247 dicit,
726 1195 820 1252 neque
831 1173 986 1251 quicquam
1000 1174 1185 1250 degentium

130 1252 241 1327 origine
254 1254 386 1328 protulit.

168 1333 252 1390 Unde
266 1331 445 1391 Niebuhrius
457 1335 520 1391 tum
534 1332 665 1408 gentium
678 1335 811 1392 naturam
825 1331 931 1409 optime
944 1333 1099 1410 perspexit,
1114 1337 1184 1393 tum

128 1410 269 1484 originem
291 1411 426 1470 audacius
450 1411 591 1470 definivit.
634 1413 709 1470 Nam
736 1412 829 1488 primo
856 1411 928 1470 dicit
952 1418 1052 1486 gentes
1075 1413 1183 1472 sodali·

127 1493 203 1548 tates
224 1491 362 1566 quasdam
383 1491 472 1549 fuisse
494 1509 618 1566 quarum
635 1491 864 1549 communionem
883 1491 1053 1550 haereditate
1071 1493 1185 1568 cepisse

126 1567 250 1642 gentiles
272 1588 289 1626 a
312 1589 363 1627 suo
384 1589 528 1646 quemque
549 1575 630 1645 patre
651 1571 688 1628 ab
708 1571 808 1628 eadem
829 1570 917 1645 stirpe
936 1570 1185 1647 haudquaquam

127 1647 271 1720 oriundos,
295 1648 397 1707 deinde
415 1652 515 1724 gentes
536 1649 670 1724 antiquas
689 1649 805 1707 nullum
825 1647 960 1706 habuisse
978 1651 1185 1724 consanguini-

127 1726 196 1784 tatis
222 1727 373 1785 rinculum
400 1747 458 1803 quo
482 1727 706 1798 continerentur,
731 1728 849 1786 arbitrio
875 1730 991 1785 tantum
1015 1731 1186 1804 potentium

130 1808 218 1881 atque
237 1811 298 1864 arte
317 1806 484 1882 conjuuctas
504 1805 597 1880 tingit.
639 1807 729 1884 Cujus
748 1807 890 1883 opinionis
910 1805 967 1874 trie
987 1807 1184 1882 potissimum,

126 1886 161 1941 ut
182 1884 310 1956 memini,
333 1891 503 1960 argumenta
522 1885 653 1959 protulit,
679 1906 771 1944 unuin
792 1885 909 1960 quidem
929 1885 1064 1962 idemque
1085 1887 1185 1945 multo

125 1961 344 2034 validissimum,
367 1963 487 2022 absurde
511 1964 582 2038 fingi
609 1965 687 2039 apud
712 1967 813 2024 urbem
838 1965 997 2022 Romanam
1018 1969 1062 2024 tot
1088 1967 1184 2024 exsti-

125 2041 196 2100 tisse
216 2050 323 2116 gentes,
346 2062 468 2118 quarum
487 2063 571 2100 suum
590 2061 772 2120 unaqueque
792 2063 931 2118 proavum
946 2041 1052 2101 referre
1072 2050 1184 2119 posset,

127 2138 222 2196 aquo
242 2122 365 2194 gentiles
387 2141 485 2180 omnes
506 2123 625 2196 stirpem
646 2141 677 2181 re
699 2143 767 2181 vera
787 2123 944 2191 traherent,
967 2141 1061 2197 neque
1081 2123 1185 2198 plures

127 2217 214 2273 quarn
228 2203 370 2258 trecentas
383 2200 473 2259 fuisse
486 2219 580 2276 neque
593 2202 749 2276 panciores,
763 2209 793 2260 et
803 2200 879 2258 iniis
888 2219 1000 2258 omnem
1011 2207 1183 2260 contentum

124 2277 214 2336 fuisse
238 2279 346 2337 civium
370 2299 531 2351 numerum,
547 2280 654 2338 rectius
675 2282 735 2338 fore
756 2280 780 2338 si
799 2288 936 2355 putemus
958 2280 990 2337 id
1011 2281 1091 2340 urbis
1111 2299 1182 2339 con-

124 2357 246 2414 ditorem
260 2358 398 2432 cogitasse
411 2362 446 2416 ut
458 2358 535 2417 cives
548 2359 581 2416 in
593 2360 726 2418 idoneam
738 2359 880 2417 rationem
893 2358 1060 2433 partiretur,
1071 2359 1182 2417 idcirco

123 2437 248 2494 voluisse
262 2439 398 2496 utdcuas
410 2437 504 2496 tribus
518 2437 622 2506 curias,
637 2440 725 2497 denas
738 2437 819 2496 curia
832 2440 933 2512 gentes
947 2437 1075 2508 haberet,
1090 2439 1183 2496 denas

124 2533 195 2589 gens
208 2515 341 2576 familias.
382 2517 441 2575 Ubi
455 2517 554 2574 statim
565 2519 690 2576 occurrit
702 2517 774 2576 talia
787 2535 855 2590 ergo
873 2516 998 2574 voluisse
1012 2517 1111 2592 qualia
1123 2519 1181 2576 vix

123 2601 241 2668 possent
268 2596 350 2667 effici,
375 2614 469 2673 neque
496 2596 573 2653 enim
594 2596 710 2654 facilius
732 2596 872 2672 populum
896 2594 1040 2653 inveneris
1060 2596 1112 2672 qui
1131 2600 1182 2655 ter

123 2672 205 2730 mille
217 2676 333 2732 tuntum
347 2675 452 2732 habeat
465 2674 588 2732 familias
603 2695 689 2750 quam
703 2693 770 2733 eum
788 2675 839 2750 qui
853 2693 891 2732 ex
909 2675 1046 2733 tercentis
1066 2683 1181 2734 constet

124 2753 268 2826 gentibus.
310 2753 425 2812 Deinde
446 2753 594 2810 Pollucem
618 2754 745 2825 adducit,
769 2753 941 2824 Aristotelis,
964 2758 998 2811 ut
1018 2755 1085 2812 vult
1106 2755 1182 2830 ipse,

125 2837 294 2889 sectatorem
318 2837 348 2891 et
370 2837 469 2890 tamen
489 2831 640 2892 Aristoteli
661 2834 757 2910 palam
777 2833 1029 2900 contradicentem,
1048 2833 1099 2908 qui
1118 2838 1182 2891 tes·

122 2913 202 2967 tetur
217 2909 329 2968 nullam
352 2909 500 2985 sanguinis
520 2913 748 2970 communionem
768 2911 901 2969 habuisse
921 2917 1020 2984 gentes
1039 2911 1179 2972 Atticas:

123 2988 156 3044 in
173 2989 265 3065 ipsius
282 2997 422 3064 praeterea
441 2989 536 3064 patria
556 2991 711 3064 paludibus
731 2989 870 3048 nimirum
890 2989 1092 3065 Ditringorum
1109 2991 1183 3050 hos-

121 3066 197 3143 pites
223 3067 255 3126 in
283 3069 413 3143 gentium
437 3069 607 3126 sodalicium
630 3070 735 3128 accitos
758 3075 787 3128 et
809 3067 1035 3145 propinquorum
1059 3070 1184 3130 nomine

122 3147 192 3204 adeo
216 3149 409 3222 compellatos,
428 3147 594 3225 quicunque
612 3149 681 3207 satis
700 3149 881 3206 ostenderent
900 3154 930 3205 et
950 3147 1090 3223 ingenuos
1114 3167 1183 3208 sese

121 3243 183 3284 esse
195 3229 225 3285 et
238 3227 395 3286 liberaliter
408 3225 528 3300 degisse.
570 3227 654 3292 Quod
667 3228 763 3303 ipsum
775 3227 829 3286 vix
842 3226 977 3302 cuiquam
990 3227 1185 3304 persuadebit

121 3311 172 3363 aut
195 3305 397 3380 Ditringorum
420 3309 520 3379 gentes
541 3305 603 3365 sine
629 3307 692 3365 ulla
718 3305 867 3381 sanguinis
894 3307 1028 3364 societate
1055 3306 1182 3367 initium

121 3384 264 3456 habuisse,
285 3389 336 3444 aut
355 3385 432 3462 quod
450 3383 510 3444 illae
531 3386 686 3445 habuerint
703 3386 736 3444 in
750 3384 904 3445 Germania
921 3385 953 3443 id
970 3385 1104 3443 habuisse
1124 3406 1182 3446 ne-

122 3462 243 3520 cessario
271 3468 370 3537 gentes
397 3465 556 3536 Romanas,
585 3468 617 3524 at
648 3465 772 3524 alterum
799 3483 866 3522 sane
894 3473 1097 3540 argumentum
1117 3467 1183 3525 tale

123 3544 167 3600 est
186 3544 222 3600 ut
238 3542 317 3600 sileri
336 3542 446 3620 porsit3
466 3543 592 3619 primum
611 3550 712 3604 contra
727 3543 825 3620 paullo
844 3541 972 3619 pleniore
991 3543 1183 3618 indagatione

122 3623 195 3692 eget,
224 3621 394 3681 uuiversum
427 3623 505 3680 enim
538 3642 633 3700 neque
666 3625 786 3700 probare
819 3641 917 3698 posses
948 3641 1003 3681 nec
1029 3624 1179 3682 damnare.

122 3697 237 3776 Quippe
265 3719 447 3760 communem
473 3701 593 3777 stirpem
620 3703 736 3762 omnino
762 3701 866 3767 tollere
892 3701 1022 3761 studenti
1047 3721 1106 3760 non
1133 3709 1182 3762 est

121 3794 172 3836 cur
193 3777 412 3858 adstipulamur,
436 3800 495 3858 qua
517 3782 634 3842 nullum
659 3781 805 3842 societatis
827 3781 978 3840 vinculum
1005 3787 1057 3840 aut
1076 3786 1180 3842 retus-
