2594 4108
631 106 649 162 4

109 258 287 335 impendant,
298 260 379 316 tanto
393 255 532 316 seminus
546 255 619 316 seire
632 257 787 323 fateantur,
800 259 881 315 tanto
895 257 962 333 plus
976 257 1031 317 sibi
1046 257 1160 338 suisque

109 339 269 398 rationibus
280 337 419 395 diffidant.
442 336 551 402 Quodsi
560 337 592 394 id
602 336 736 412 amplecti
746 337 880 394 volumus
890 337 967 413 quod
975 344 1060 414 poeta
1070 338 1160 410 ait,·-·-

279 453 295 476 '‘
304 449 422 498 Humana
433 464 517 513 sapere
528 465 575 512 par
585 450 623 497 est
635 450 771 497 irumanum
782 449 935 512 genus¹,’'-

111 587 169 626 nen
183 566 275 625 omnis
288 565 423 624 continuo
437 565 576 624 eximitur
585 565 737 632 dubitatio,
746 585 840 641 neque
853 565 967 642 quoties
976 568 1161 640 praesentium

111 647 201 706 taedet
218 663 369 721 possumus
387 645 534 720 extemplo
554 644 590 702 ad
603 649 701 702 vetera
715 645 857 704 virtutum
877 645 1010 722 exempla
1028 647 1163 706 audacter

112 727 274 799 confugere,
289 743 342 781 nec
361 723 516 799 prudentia
533 723 717 800 antiquitatis
735 723 878 782 minorum
898 724 1018 784 insanias
1036 725 1143 784 mederi
1152 748 1166 797 ;,

111 804 322 880 preteritorum
336 801 413 860 enim
426 802 560 860 notitiam
573 821 705 861 revocare
715 802 767 860 vix
781 803 916 880 cuiquam
930 823 1094 862 eoncessum
1108 808 1159 876 est,

112 891 142 942 et
163 901 238 959 saepe
258 881 380 955 contigit
400 880 516 957 optimis
536 881 613 940 inter
625 881 761 955 pessimos
781 882 890 952 referri,
906 883 1043 958 pessimos
1064 887 1162 942 contra

113 960 295 1020 adnumerari
314 959 440 1034 optimis,
455 979 513 1035 quo
526 960 562 1018 fit
581 961 693 1018 nullam
707 961 770 1018 dari
784 960 853 1018 satis
865 961 978 1020 firmam
991 963 1077 1020 fidem
1091 962 1163 1037 quin

113 1041 180 1116 quis
199 1041 235 1098 ad
255 1039 353 1096 inania
373 1038 448 1098 fictae
462 1039 581 1097 virtutis
600 1045 787 1098 monumenta
805 1040 998 1116 nequicquam
1018 1045 1162 1116 provocet.

114 1119 187 1184 Quae
210 1138 299 1194 quum
323 1117 367 1176 ita
387 1117 445 1175 sint
465 1117 496 1174 in
518 1122 653 1193 promptu
674 1126 726 1188 est,
749 1117 779 1176 id
803 1119 880 1193 quod
901 1119 1019 1177 minime
1039 1123 1160 1194 oportet,

113 1199 272 1274 desperare,
289 1196 340 1254 ubi
355 1196 431 1253 enim
445 1216 482 1254 ne
496 1197 605 1270 agendo
619 1195 736 1272 quidem
756 1217 872 1272 parcere
892 1199 935 1256 fas
954 1199 1001 1270 sit,
1017 1198 1163 1272 cogitandi

113 1279 206 1335 multo
220 1275 316 1333 minus
329 1275 517 1333 deserendum
537 1274 662 1334 officium
682 1277 746 1349 erit,
761 1295 852 1352 quum
872 1277 986 1336 nullum
999 1277 1060 1334 fere
1072 1296 1163 1334 reme·

114 1355 195 1413 dium
216 1353 371 1412 admittant
391 1373 503 1430 eaquae
524 1353 589 1430 quis
608 1353 726 1428 ignarus
747 1355 846 1429 egerit,
860 1375 925 1432 quae
944 1360 1043 1414 contra
1055 1356 1164 1429 cogita·

114 1435 230 1493 bundus
248 1434 365 1491 finxerit
383 1453 417 1491 ea
438 1453 513 1508 saepe
531 1433 597 1492 vivo
615 1433 756 1508 corrigere
774 1434 860 1492 licoat
873 1438 924 1493 aut
945 1438 1021 1493 certe
1033 1439 1162 1506 mortuo;

114 1513 197 1589 atqui
224 1532 307 1587 agere
335 1513 436 1570 saltem
463 1531 577 1570 necesse
604 1531 703 1570 omnes
726 1516 779 1570 est.
819 1513 912 1571 Nemo
939 1520 1036 1572 autem
1058 1513 1091 1570 in
1110 1513 1165 1572 hcc

113 1592 283 1650 necessitate
304 1596 410 1649 temere
430 1592 539 1650 haereat
559 1591 642 1667 quasi
662 1591 864 1665 cogitationem
884 1592 948 1650 ideo
968 1592 1100 1650 omittere
1114 1593 1164 1650 de·

113 1672 181 1729 beat
194 1672 263 1747 quia
275 1671 373 1744 possit,
389 1689 514 1747 namque
532 1671 585 1728 hoc
598 1673 682 1746 pacto
703 1671 734 1727 in
751 1671 875 1728 ferarum
890 1671 982 1728 vitam
1000 1676 1086 1747 atque
1099 1672 1165 1729 bar-

113 1751 247 1808 barorum
262 1749 319 1807 cito
337 1749 444 1806 erimus
463 1749 615 1824 delapsum,
632 1748 683 1824 qui
698 1768 789 1824 quum
806 1749 882 1807 nihil
901 1749 958 1807 nisi
972 1750 1064 1808 coacti
1078 1753 1167 1823 agant

114 1847 198 1886 omne
212 1828 281 1886 adeo
301 1828 463 1902 periculum
481 1828 621 1898 devitant,
638 1829 716 1904 quod
733 1827 770 1884 iis
787 1828 868 1886 nasci
880 1832 982 1904 potest,
999 1829 1167 1904 quicunque

113 1908 242 1964 nondum
257 1907 342 1965 certis
355 1907 484 1964 volentes
498 1907 619 1966 credunt
632 1906 751 1983 aliquid.

155 1986 194 2043 In
217 1988 302 2044 rebus
324 1985 481 2043 scribendis
503 1986 616 2062 utiquc,
638 1987 769 2062 siquem
793 1985 898 2060 cupido
918 1985 993 2044 forte
1015 1985 1167 2045 incesserit

114 2065 234 2122 eandem
254 2065 410 2122 adhibendi
426 2085 564 2136 normam,
588 2064 624 2122 ad
644 2065 813 2140 pontificum
833 2065 1030 2133 annuissent
1050 2065 1075 2120 si
1095 2065 1168 2139 quid

115 2143 196 2202 aliud
209 2144 325 2201 inanius
343 2147 394 2214 est,
410 2144 589 2202 redeundum
603 2144 667 2212 erit,
684 2143 708 2200 si
722 2144 807 2200 certis
823 2143 979 2218 aequalium
994 2143 1168 2202 testimoniis

117 2221 284 2280 confirmare
297 2221 412 2299 singula
429 2223 594 2293 avebimus3
617 2222 723 2280 sivero
736 2222 782 2279 his
799 2222 908 2279 relictis
922 2222 1082 2298 conjectare
1094 2222 1168 2280 libet

115 2319 173 2376 qua
192 2306 289 2358 mente
307 2303 373 2378 quis
391 2301 463 2378 quid
479 2301 589 2370 fecerit,
604 2302 718 2377 qualem
736 2302 849 2358 exitum
867 2301 1038 2358 effectumve
1058 2301 1169 2359 factum
1277 2317 1278 2328 ¹

115 2379 146 2436 id
159 2379 302 2451 habuerit,
319 2382 354 2438 de
369 2382 474 2455 quibus
488 2382 606 2438 obscura
626 2380 797 2456 plerumque
810 2380 965 2437 traduntur
978 2383 1029 2437 aut
1042 2380 1166 2450 diversa,

116 2458 188 2534 quid
209 2459 287 2516 ultra
306 2460 440 2534 prohibet
464 2458 618 2533 quominus
641 2459 729 2517 etiam
757 2459 877 2532 antiqua
903 2464 933 2516 et
960 2464 1026 2516 ante
1054 2477 1170 2516 omnem

115 2537 282 2594 memoriam
296 2538 469 2614 annalesque
487 2539 642 2611 repetenda
660 2557 698 2595 ex
715 2537 873 2595 recentium
888 2537 1019 2610 vestigiis
1033 2556 1170 2595 conemur

117 2614 258 2691 exsequi?
279 2617 379 2674 nullus
392 2617 470 2674 enirn
484 2623 583 2673 auctor
596 2616 678 2674 nobis
691 2617 779 2688 adest,
796 2617 856 2672 sive
870 2615 931 2673 haec
945 2616 1007 2674 sive
1017 2616 1072 2674 illa
1083 2616 1170 2674 iuda-

117 2713 226 2768 gemus,
249 2695 300 2770 qui
324 2714 437 2752 omnem
463 2697 555 2769 possit
578 2695 800 2753 controversiam
823 2694 915 2764 finire,
941 2697 1046 2753 neutra
1068 2699 1169 2752 eutem

115 2776 197 2848 parte
211 2774 315 2831 desunt
328 2773 435 2832 indicia
448 2793 513 2850 quae
527 2774 717 2848 prudentibus
731 2773 916 2832 satisfaciant.

168 2851 364 2910 Niebuhrium
396 2856 494 2910 autem
521 2861 606 2910 antea
633 2853 718 2911 dictis
747 2859 905 2928 purgatum
936 2851 974 2909 iis
1000 2851 1088 2908 velim
1115 2851 1171 2926 qui

116 2929 181 2987 ideo
202 2930 352 3005 increpant
371 2931 454 3008 quasi
472 2951 541 2988 vera
561 2931 656 2989 omnia
677 2951 709 2989 ac
728 2931 819 2988 solida
839 2931 967 2988 deserere
984 2930 1173 3000 instituisset,

117 3011 285 3067 umbrarum
310 3017 398 3086 atque
425 3009 556 3068 inanium
581 3017 719 3080 sectatam
750 3029 815 3086 quae
835 3009 1010 3084 vituperatio
1031 3012 1096 3067 tum
1120 3009 1171 3066 de-

117 3107 197 3144 mum
222 3088 343 3146 haberet
368 3089 464 3147 locum
492 3089 516 3145 si
544 3109 634 3146 unum
659 3089 770 3165 aliquid
790 3093 865 3146 esset
886 3107 943 3164 quo
963 3089 1077 3162 cognito
1098 3108 1175 3163 opus

116 3167 199 3236 foret,
217 3168 295 3242 quod
315 3169 376 3226 sine
396 3168 475 3226 omni
494 3167 675 3226 dubitatione
696 3167 828 3242 cognosci
847 3173 951 3244 posset,
965 3186 1043 3224 nunc
1061 3174 1170 3238 autem,

116 3245 222 3321 siquis
243 3247 353 3304 relictis
371 3246 407 3304 iis
421 3266 543 3323 quorum
557 3246 717 3304 vanitatem
730 3245 910 3324 perspexerit
928 3246 965 3302 ad
983 3245 1041 3303 alia
1054 3245 1119 3302 vult
1141 3265 1173 3302 se

117 3325 245 3382 conferre
256 3344 379 3401 quorum
392 3326 529 3402 majorem
545 3330 640 3401 sperat
650 3326 787 3398 fructum,
799 3325 825 3382 is
838 3324 948 3382 incerta
960 3323 1045 3382 certis
1059 3324 1176 3397 cogitur

116 3407 240 3462 mutare.
280 3404 309 3462 N
311 3423 342 3462 ec
361 3404 519 3479 spernenda
533 3404 649 3480 quidam
664 3405 835 3479 contingunt
856 3403 944 3479 hujus
956 3402 1083 3460 audaciae
1097 3421 1174 3477 praa.-

116 3480 193 3551 mia;
215 3483 279 3541 viro
293 3483 369 3540 enim
384 3484 419 3540 de
433 3503 491 3559 quo
504 3483 627 3542 dicimus
643 3483 740 3541 oblata
757 3487 809 3553 est,
825 3486 860 3541 ut
874 3481 973 3540 scribit
988 3482 1058 3558 ipse,
1074 3500 1175 3540 neces-

116 3560 213 3619 situdo
240 3561 368 3620 omnium
393 3565 445 3639 qui
468 3564 540 3621 bene
563 3563 698 3620 merendo
723 3562 813 3620 claros
837 3581 867 3620 se
893 3560 1028 3620 fecissent
1052 3561 1173 3632 Roman

294 3747 305 3772 ι
322 3745 339 3769 ec
347 3733 400 3792 The
412 3755 503 3806 proper
513 3741 589 3807 etudy
601 3740 630 3791 of
638 3739 759 3791 mankind
770 3741 791 3791 is
801 3740 996 3805 man.’'-P⁰p⁶·
