2594 4108
664 55 703 112 22

159 210 244 266 anteo
257 206 387 266 volebam
400 206 431 266 in
449 208 576 268 medium
596 210 723 286 proferre
737 227 823 287 quam
837 205 992 266 Niebuhrii
1005 207 1109 266 merita
1123 229 1212 286 expo-

158 287 278 346 suissem
291 287 406 357 ordine;
428 307 553 365 namque
563 289 595 347 in
606 290 661 347 hac
673 289 784 347 ineerta
797 287 870 358 luce,
883 286 986 364 hisque
1000 287 1068 346 vitae
1081 289 1213 346 mortalis

157 365 284 424 tenebris
296 366 372 424 nihil
393 367 485 442 magis
504 369 626 427 interest
639 367 784 426 rationum
796 365 931 444 ponderis
944 385 1030 444 quam
1047 365 1213 442 proferendi

157 447 272 521 tempus
285 445 420 522 ordoque,
435 446 487 504 nbi
500 447 620 526 questio
640 449 740 506 utrum
758 447 820 505 haro
839 443 900 502 illis
919 464 956 502 an
976 444 1023 503 his
1034 444 1088 503 illa
1100 463 1212 504 accom-

157 524 300 582 modanda
320 525 379 582 sint
398 525 490 600 magis
510 525 625 585 arbitrii
643 527 823 602 fortunaque
836 523 1025 582 videturesse
1038 543 1125 601 quarn
1142 545 1213 600 pru·

159 601 274 661 dentiae.
314 603 381 662 Jam
400 623 468 662 vero
486 612 521 664 ut
540 624 626 680 supra
644 604 753 663 dietum
772 607 816 662 est
833 603 865 660 id
883 601 1090 678 disceptabitur
1106 603 1213 680 utique

159 685 298 757 quantum
323 681 432 741 scilicet
458 683 588 760 patronis
610 683 796 742 tribuendum
820 680 859 740 sit
885 680 1028 758 opinionis
1052 681 1132 740 haud
1157 683 1211 740 ad-

158 760 275 818 modum
288 760 428 836 placentis
440 761 515 820 nihil
526 782 593 821 sane
605 781 687 840 posse
706 761 768 820 sine
778 760 950 819 testimoniis
960 760 1116 836 aequalium
1126 761 1212 832 efflei,

159 857 224 914 quae
246 839 297 898 ubi
319 839 415 898 adsint
434 841 511 900 nihil
533 861 678 917 superesse
700 838 889 899 dubilationis
910 843 1026 914 putant,
1044 839 1095 897 ubi
1115 841 1213 900 absint

158 916 234 974 nihil
254 924 364 976 certum
383 919 519 996 relinqui.
560 920 664 998 Neque
684 920 755 978 adeo
774 918 890 978 difficile
907 917 1044 976 videntur
1066 918 1124 977 reri
1143 938 1212 995 pro-

158 995 285 1072 positum
299 997 426 1067 efficere3
447 998 479 1056 id
492 999 575 1058 modo
590 1001 690 1058 acerbe
703 997 887 1073 increpitant,
902 993 953 1073 qul
965 996 1070 1056 scimus
1086 997 1212 1057 cratera?

159 1094 224 1151 quae
238 1079 335 1134 tamen
352 1075 510 1153 increpatio
524 1077 633 1156 duplici
650 1078 735 1136 modo
754 1076 849 1135 refelli
862 1079 972 1153 potest;
994 1080 1046 1134 aut
1059 1076 1137 1134 enim
1159 1079 1213 1136 ob-

159 1155 237 1212 viam
257 1153 299 1212 ire
318 1153 351 1212 in
369 1164 505 1234 promptu
519 1162 563 1216 est
579 1157 715 1226 dicentes,
730 1175 844 1215 necesse
857 1174 918 1213 esse
931 1153 1014 1212 nobis
1027 1154 1138 1214 incerta
1155 1156 1213 1214 im-

159 1236 237 1291 mota
260 1233 430 1293 credulitate
453 1235 597 1312 amplecti,
617 1235 649 1294 in
668 1235 738 1294 vitae
760 1233 860 1292 officiis
882 1233 1021 1291 immanes
1041 1236 1139 1292 turbas
1159 1254 1214 1310 per

158 1312 234 1370 hanc
247 1313 412 1390 praeclaram
425 1314 648 1390 increpationem
660 1313 782 1373 excitari
794 1331 847 1371 nec
860 1312 966 1370 mirum
981 1331 1041 1370 esse
1055 1313 1167 1390 siquod
1179 1315 1215 1372 in

159 1391 272 1465 magnis
289 1391 372 1468 probi
390 1394 480 1453 coacti
493 1394 615 1452 fecerint
631 1393 709 1451 idem
726 1393 758 1451 in
776 1391 937 1450 minoribus
954 1390 1078 1450 libentes
1091 1391 1212 1452 faciant.

161 1471 225 1528 Aut
238 1470 347 1528 crimen
360 1472 463 1531 erroris
480 1472 511 1530 in
529 1473 607 1550 ipsos
620 1472 737 1548 rejicere
751 1471 834 1530 facile
847 1476 900 1542 est,
915 1470 1101 1546 nequeenim
1115 1491 1213 1548 aequa-

160 1548 203 1607 les
222 1549 279 1625 ipsi
299 1549 426 1610 sciebant
446 1551 550 1625 omnia,
570 1571 664 1627 neque
684 1554 821 1617 auctores,
844 1549 895 1625 qui
915 1568 963 1606 eos
982 1548 1073 1607 secuti
1092 1549 1214 1624 fuerint,
1279 1587 1280 1592 κ

162 1646 274 1703 semper
286 1628 379 1686 fontes
393 1634 524 1690 accurate
540 1634 754 1706 expresserunt.
795 1629 831 1686 Id
845 1631 961 1686 tantum
981 1630 1016 1686 de
1035 1629 1216 1704 temporibus

162 1716 275 1765 constat
294 1726 416 1782 quorum
428 1728 473 1766 res
493 1715 587 1784 gestas
606 1708 731 1784 aequales
751 1707 932 1776 tradiderint,
946 1706 1041 1764 nescio
1059 1707 1131 1782 quid
1145 1709 1215 1766 sub·

162 1804 224 1844 esse
243 1785 305 1844 veri
325 1792 472 1846 auctorum
491 1787 711 1858 narrationibus,
731 1787 762 1846 id
778 1805 882 1863 parum
901 1785 995 1862 liquet
1007 1786 1084 1844 unde
1105 1786 1217 1848 ducant

162 1864 301 1939 originem
315 1865 430 1941 singula
443 1887 533 1944 quum
546 1867 671 1944 equales
690 1865 746 1943 ipsi
764 1866 875 1926 incerta
891 1864 1018 1936 tradant,
1032 1865 1139 1940 posteri
1153 1874 1215 1924 tre-

162 1943 224 2002 dita
237 1943 269 2001 in
281 1944 376 2022 majus
396 1949 529 2022 augeant,
543 1953 593 2005 aut
612 1965 701 2022 prave
717 1945 959 2020 interpretentur3
981 1943 1097 2020 utrique
1116 1948 1217 2004 autem

161 2023 268 2097 favore,
289 2023 450 2098 inimicitia,
468 2025 582 2094 timore,
603 2024 698 2084 studio
718 2024 854 2099 partium,
873 2022 1036 2081 rumoribus
1056 2042 1089 2080 ac
1112 2023 1217 2082 fraude

162 2105 265 2160 caetera
286 2102 437 2177 capiantur
452 2107 669 2183 teneanturqua.
709 2103 771 2162 Nec
788 2102 875 2176 longe
896 2100 1100 2178 requirendum
1118 2103 1217 2161 estin

161 2199 220 2238 uno
247 2181 359 2240 timoris
385 2201 488 2258 genere
514 2183 627 2258 insigne
653 2181 742 2258 hujus
771 2180 839 2238 vitii
866 2181 1040 2256 exemplum.
1096 2181 1217 2258 Quippe
1255 2207 1258 2214 ·

161 2259 304 2318 Froudius
321 2271 420 2320 noster
436 2262 518 2320 nulla
536 2261 628 2336 magis
648 2280 680 2318 re
698 2261 835 2336 deceptus
854 2259 947 2318 estin
965 2259 1111 2318 tradendis
1130 2261 1217 2318 Hen-

160 2336 213 2396 rici
228 2339 330 2398 Octavi
344 2342 430 2399 rebus
444 2360 531 2418 quam
545 2359 595 2398 suo
609 2339 700 2416 ipsius
719 2338 855 2396 instituto
868 2337 945 2396 nihil
958 2357 1019 2396 esse
1039 2339 1216 2398 testimoniis

162 2417 316 2493 oequelium
335 2419 492 2496 antiquius,
506 2437 685 2496 quecunque
703 2417 740 2476 iis
752 2420 915 2493 pugnarent
933 2436 993 2474 esse
1010 2417 1215 2492 posthibenda.

161 2497 218 2554 Ille
238 2497 330 2571 igitur
349 2499 400 2558 ubi
418 2498 543 2575 aequales
561 2502 665 2574 praeter
682 2516 774 2554 unum
793 2496 907 2570 Polum,
921 2495 1005 2572 cujus
1024 2496 1148 2554 nimium
1169 2516 1217 2554 re-

160 2576 356 2653 prehendebat
369 2577 519 2654 impetum,
535 2577 567 2634 in
585 2597 618 2634 eo
636 2576 797 2634 consentire
810 2575 883 2632 vidit
895 2581 931 2634 ut
947 2594 1045 2632 omnes
1058 2575 1117 2633 fere
1131 2576 1217 2634 Hen-

162 2655 215 2712 rici
235 2657 389 2730 probarent
408 2655 526 2714 consiliu
545 2655 622 2714 facta
641 2655 756 2731 incepta
775 2653 964 2724 voluntatem,
986 2672 1081 2730 neque
1102 2653 1135 2712 id
1154 2654 1218 2730 pri-

162 2733 249 2792 vatim
264 2735 348 2792 modo
363 2734 512 2792 sedetiam
527 2733 559 2791 in
573 2734 644 2792 actis
659 2732 784 2808 publicis
802 2732 834 2790 in
853 2733 969 2790 senatds
982 2732 1122 2791 consultis
1135 2733 1219 2808 lega-

162 2821 313 2890 torumque
336 2813 525 2872 relationibus
549 2816 630 2870 tanto
654 2831 770 2870 assensu
796 2819 897 2888 captus
920 2814 1015 2870 omnia
1041 2811 1222 2871 defendendi

162 2891 312 2948 consilium
333 2892 411 2960 iniit,
425 2896 476 2950 aut
497 2891 677 2950 voluntatem
700 2890 866 2968 preclaram
886 2890 1040 2960 laudando,
1056 2894 1108 2948 aut
1129 2911 1222 2950 even·
1276 2899 1277 2912 ¹

160 2973 225 3028 tum
250 2971 361 3028 relicem
388 2970 550 3028 excusando
574 2975 625 3028 aut
650 2970 752 3028 saltem
775 2970 984 3038 necessitatem,
1008 2988 1096 3046 quam
1120 2970 1223 3045 lepide
1276 2973 1277 3053 l

162 3049 227 3128 quis
250 3052 438 3125 tyrannorum
463 3047 613 3108 oratricem
637 3048 794 3124 appellavit
818 3067 850 3106 ac
874 3052 1033 3125 patronam.
1076 3049 1120 3107 At
1140 3051 1223 3108 enim

161 3127 393 3205 quandoquidem
409 3129 445 3186 ad
465 3148 511 3186 res
529 3127 698 3186 domesticas
717 3128 805 3185 semel
822 3127 1022 3186 descendimus
1040 3128 1141 3204 paullo
1156 3147 1221 3186 am·
1275 3161 1276 3180 r

160 3208 238 3282 plius
261 3226 412 3265 excurrere
435 3207 516 3276 libet,
540 3208 669 3265 conterre
692 3206 797 3282 placet,
821 3206 935 3282 qualem
960 3207 1100 3264 habemus
1123 3207 1220 3266 histo·

160 3288 185 3344 ri
196 3306 242 3354 am,
258 3305 324 3344 eum
345 3305 379 3345 ea
397 3286 513 3364 qualem
532 3304 658 3344 essemus
677 3285 807 3344 habituri
821 3285 846 3342 si
863 3284 992 3344 maxima
1007 3305 1073 3362 pars
1087 3285 1218 3344 fontium

159 3365 299 3440 periisset.

199 3443 275 3500 Puta
301 3462 369 3518 ergo
395 3443 505 3502 sincera
536 3443 711 3519 incorrupte
743 3442 927 3520 antiquitatis
957 3448 1147 3504 monumenta
1180 3445 1220 3504 ad

159 3540 252 3580 uuum
278 3541 339 3582 esse
366 3523 481 3582 sublata
502 3524 647 3593 funditus,
673 3521 801 3599 relinqui
827 3522 943 3581 initiam
969 3523 1075 3582 Humii
1101 3541 1220 3583 necnon

160 3599 218 3658 alia
237 3602 370 3679 quintam
392 3600 452 3661 fere
475 3601 568 3680 operis
589 3609 711 3678 partem,
738 3601 879 3677 hingardi
899 3608 997 3663 antem
1018 3622 1112 3680 pauca
1135 3605 1219 3679 frag-
1274 3623 1275 3670 5

160 3683 267 3766 menta,
291 3684 386 3741 totum
409 3682 480 3742 adeo
504 3681 638 3742 Poolium
662 3701 723 3742 esse
748 3681 941 3760 superstitem,
966 3685 1122 3761 patronum
1145 3703 1219 3742 auc·
1274 3673 1275 3751 l
