2594 4108
616 104 650 160 ll

126 253 298 312 ‘Rationem
321 257 417 314 autem
440 254 497 314 viri
519 255 551 314 in
569 256 624 314 hae
643 253 771 314 historiae
792 253 996 314 constitutione
1020 255 1154 318 bifariam

106 333 208 409 partiri
217 333 343 410 juvabit,
359 355 449 410 quum
463 335 560 394 aemuli
574 335 636 412 ejus
653 333 820 392 inveniendi
833 333 911 392 riam
925 338 1011 410 atque
1026 355 1153 412 compro.

107 412 194 470 bandi
203 413 402 472 confundendo
412 415 497 474 famae
511 415 573 490 ejus
585 414 660 489 apud
671 413 807 488 quosdam
819 413 973 486 obfuerint,
985 414 1066 472 illam
1077 417 1155 476 enim

106 510 140 549 eo
159 493 274 552 nomine
292 496 449 551 extenuare
468 495 568 562 solent,
584 493 662 568 qnod
679 491 808 567 undique
826 492 932 550 similia
950 493 1089 566 attulerit,
1109 495 1154 552 in-

107 570 192 628 finita
211 571 422 648 conjectaverit,
445 573 525 630 hane
539 571 654 630 omnino
675 569 759 628 silere
778 571 900 628 malunt.
942 572 1058 648 Quippe
1077 575 1156 632 haud

107 649 178 708 satis
196 651 381 708 recordantur
393 652 472 709 haud
484 651 558 709 levis
575 649 713 708 momenti
727 667 788 706 rem
805 668 865 706 esse
879 657 1097 710 consentaneam
1110 657 1155 712 tot

106 747 204 786 rerum
217 727 357 786 rationem
371 731 496 800 reddere,
513 750 576 806 quae
589 747 738 804 nunquam
755 727 810 786 sibi
830 734 881 786 aut
899 730 1039 787 factorum
1057 751 1153 790 neces·

106 805 187 864 sitati
200 807 354 882 discrepet;
377 809 454 885 quod
470 811 496 866 si
514 809 579 886 qnis
594 808 712 881 insuper
725 807 962 866 demonstraverit
975 813 1002 866 et
1015 810 1075 868 haee
1088 809 1153 868 fieri

105 883 299 958 potuisse-at
311 885 354 944 ita
367 889 438 945 alias
452 907 490 946 ex
499 888 601 946 iisdem
615 885 709 944 causis
721 884 886 942 factitatum
897 906 968 962 quas
978 886 1026 945 hic
1037 888 1153 946 affirisse

105 965 258 1038 probatum
278 968 396 1034 est-et,
418 967 444 1023 si
463 966 506 1024 ita
525 967 696 1034 evenissent,
719 983 751 1021 eo
774 963 902 1038 potuisse
925 965 1008 1022 modo
1029 987 1086 1041 quo
1107 987 1153 1026 ac·

104 1041 234 1116 cepimus
246 1044 331 1118 tradi,
344 1065 438 1121 neque
451 1046 537 1104 aliam
550 1062 686 1121 apparere
699 1061 813 1100 causam
826 1062 877 1100 eur
889 1045 1080 1116 traderentur,
1095 1047 1154 1104 nisi

105 1119 160 1178 hoe
174 1121 335 1183 evenissent
348 1123 495 1182 modu-is
508 1125 670 1200 opinionem
689 1122 758 1179 satis
777 1124 861 1180 antea
881 1122 1058 1196 probabilem
1074 1129 1107 1183 ut
1120 1125 1153 1182 in

105 1200 191 1256 rebus
209 1200 343 1261 humanis
360 1223 442 1278 paene
461 1213 567 1261 certam
588 1203 667 1261 facit.
709 1201 812 1277 Neque
834 1199 951 1258 aliaest
969 1202 1153 1277 geologorum

104 1275 266 1352 disciplina,
279 1281 338 1356 qui,
350 1283 433 1339 modo
444 1303 490 1340 eas
504 1283 628 1341 existere
642 1299 741 1338 causas
754 1283 860 1356 pateat,
874 1280 951 1337 unde
964 1280 989 1336 si
1003 1280 1152 1341 affuissent

104 1357 184 1414 nasei
197 1359 357 1431 potuissent
367 1381 432 1437 quae
443 1361 583 1430 videmus,
594 1379 687 1436 neque
698 1377 832 1432 apparere
843 1357 922 1429 alias,
935 1358 1152 1433 investigationi

104 1434 285 1494 satisfactum
297 1444 412 1514 putant.
444 1441 487 1498 At
499 1459 583 1498 nemo
596 1439 722 1514 profecto
732 1435 851 1494 audebit
861 1440 959 1494 eontra
969 1438 1152 1513 geologorum

104 1513 229 1572 rationes
251 1517 369 1588 hiscere,
392 1519 498 1596 quibus
517 1518 549 1576 in
569 1518 698 1587 dubium,
720 1516 828 1572 vocatis
848 1514 924 1572 nihil
943 1516 1002 1574 fere
1021 1516 1053 1574 in
1073 1519 1152 1575 omni

103 1592 224 1668 physici,
240 1596 375 1656 relictum
392 1598 530 1656 incertius
550 1597 673 1656 videtur.
715 1593 821 1670 Neque
838 1593 870 1651 id
887 1594 994 1670 injuria
1010 1597 1149 1675 contigit3

102 1672 158 1730 etsi
182 1691 248 1732 cum
271 1675 347 1734 inter
366 1677 526 1752 philologos
545 1681 609 1735 tum
631 1675 707 1732 inter
728 1673 860 1747 geologos
879 1673 988 1732 incerta
1007 1679 1167 1734 nonnum·'

102 1770 191 1826 quam
212 1773 264 1828 pro
284 1755 450 1814 certissimis
469 1760 622 1831 ponantur,
643 1753 719 1832 quod
739 1753 816 1827 apud
835 1751 901 1808 illos
922 1751 997 1810 cirea
1017 1754 1151 1830 Pelasgos

101 1830 211 1906 optime
224 1831 340 1892 videtur
358 1835 492 1909 conspici,
513 1835 589 1892 inter
605 1834 657 1890 hos
674 1851 772 1890 recens
790 1831 919 1906 ejusdem
931 1831 997 1890 vitii
1015 1832 1150 1912 idemque
1199 1841 1201 1844 ’

102 1907 402 1988 illustreexemplum
425 1913 533 1988 prodiit
554 1913 586 1970 in
609 1911 730 1970 maxilla
753 1929 845 1984 nuper
867 1911 904 1967 ad
924 1911 1001 1986 ripas
1026 1911 1150 1972 Samarra

102 1983 187 2046 fluvii
208 1995 330 2064 reperta,
353 2011 441 2068 quam
463 2011 523 2050 esse
546 1996 576 2050 et
598 2011 656 2049 uon
681 2009 742 2048 esse
762 1988 993 2063 antiquissimam
1012 1991 1151 2068 utrinque

101 2067 312 2127 contenderunt
329 2071 495 2146 peritissimi
511 2071 576 2140 viri,
597 2070 671 2128 alter
688 2069 772 2128 alteri
789 2068 860 2126 satis
878 2071 974 2144 aperte
988 2076 1151 2144 pugnantes

102 2143 174 2202 dum
188 2146 243 2204 sibi
256 2148 378 2227 quisque
390 2169 493 2224 parum
507 2153 626 2209 constat.

143 2223 203 2282 Uni
221 2229 318 2284 tamen
335 2229 470 2302 gsologiae
488 2229 565 2305 parti
585 2248 619 2286 ea
637 2226 686 2286 vel
704 2225 831 2284 maxima
851 2223 961 2282 aceedit
979 2224 1051 2283 fides
1072 2228 1150 2304 quod

102 2302 253 2377 Curiorus,
268 2307 365 2364 eadem
378 2307 427 2364 via
440 2311 503 2366 tum
516 2308 547 2365 in
561 2305 711 2364 exstinctis
729 2304 882 2380 generibus
900 2303 1068 2363 animalium
1086 2313 1149 2364 tum

102 2381 135 2438 in
148 2383 350 2458 superstitibus
363 2405 400 2443 ex
413 2393 494 2462 parte
512 2386 636 2460 corporis
650 2385 756 2459 exigua
773 2381 958 2458 conjectando
975 2389 1078 2442 catera
1098 2405 1149 2442 ex-

101 2471 250 2536 sequutus,
274 2463 305 2520 in
328 2465 542 2538 recentioribus,
568 2483 690 2540 quorum
712 2463 825 2538 integra
849 2461 949 2519 afferre
975 2481 1091 2539 corpora
1117 2463 1150 2522 in

102 2548 239 2616 promptu
251 2543 362 2613 habuit,
378 2543 421 2602 ita
434 2544 513 2602 felici
527 2564 595 2602 usus
609 2547 652 2602 est
670 2561 802 2600 successu
821 2541 856 2597 ut
873 2540 905 2598 in
923 2541 1051 2618 antiquis
1068 2543 1149 2601 vide·

101 2623 183 2678 retur
195 2621 274 2680 haud
286 2623 371 2696 longe
385 2642 402 2680 a
415 2623 536 2682 veritate
550 2623 663 2681 afuisse.

149 2699 252 2775 Neque
277 2701 309 2758 id
332 2721 551 2760 commemorare
574 2701 701 2759 alienum
722 2720 739 2758 a
765 2700 910 2776 proposito
936 2701 1046 2775 putari,
1071 2703 1149 2778 quod

100 2776 178 2836 claro
192 2780 232 2837 sit
245 2780 364 2838 fortasse
378 2780 547 2838 documento
560 2781 632 2838 bene
653 2780 824 2856 sperandum
838 2799 898 2839 esse
918 2780 1004 2838 etiam
1019 2780 1083 2838 aliis
1097 2782 1149 2857 qui

101 2857 287 2934 hypothesim
299 2861 385 2916 rebus
399 2879 556 2937 congruam
569 2879 605 2917 ex
625 2859 753 2934 disjectis
772 2860 912 2918 mutilatae
926 2859 1057 2918 veritatis
1070 2860 1147 2935 frag·

79 2941 201 2995 ¹menta
223 2937 365 2996 excudere
388 2943 535 3008 conantur,
562 2942 592 2996 et
615 2937 759 3014 relliquiis
780 2938 925 2998 innectere
948 2943 1145 2997 consentanea.

101 3015 232 3080 Quorum
243 3016 384 3074 erroribus
398 3018 440 3074 ita
452 3017 626 3091 parcendum
637 3037 700 3075 reor
709 3022 744 3076 ut
754 3018 879 3076 devitiis
888 3017 1022 3094 judicent
1034 3021 1147 3076 tantum

101 3096 154 3169 qui
173 3095 296 3154 virtutes
316 3096 431 3166 habent,
448 3097 561 3171 quando
582 3095 698 3172 quidem
717 3095 876 3154 virtutibus
897 3095 969 3153 vitia
989 3096 1148 3156 arctissime

99 3175 262 3232 eohaereant
282 3178 312 3234 et
331 3174 457 3232 eximere
471 3175 543 3232 vitia
563 3174 652 3232 ferme
672 3175 747 3232 idem
769 3175 808 3232 sit
827 3175 905 3251 quod
917 3175 1037 3234 virtutis
1057 3183 1146 3235 mate·

100 3253 174 3310 riam
200 3253 308 3324 tollere,
338 3257 369 3310 et
393 3253 467 3310 false
493 3253 617 3311 nimium
644 3255 770 3312 cavendo
797 3256 945 3312 deseratur
970 3254 1087 3324 veritas,
1115 3255 1148 3312 iu

99 3330 227 3390 obscuris
247 3335 344 3390 autem
363 3332 570 3408 questionibus
589 3331 700 3390 fervido
720 3333 837 3409 ingenio
858 3351 929 3408 opus
950 3331 1041 3390 sitae
1061 3333 1147 3408 pleno

98 3411 170 3486 spei.
209 3410 327 3468 Etenim
347 3409 423 3468 nihil
443 3430 476 3468 eo
499 3410 637 3486 iniquius,
660 3411 737 3486 quod
761 3411 846 3469 multi
866 3411 1009 3484 mortales,
1033 3416 1146 3470 senten·

44 3500 46 3504 ’
98 3491 172 3549 tiam
199 3487 364 3548 Aristotelis
386 3489 418 3547 iu
441 3508 559 3564 pravam
584 3493 696 3565 partem
716 3489 897 3566 accipientes,
920 3490 1035 3562 fingunt
1054 3510 1147 3549 nuum

98 3586 243 3646 quemque
262 3569 365 3626 mentis
377 3568 510 3627 habitum
524 3569 706 3644 aliquatenus
723 3588 904 3644 progressum
916 3568 1057 3626 virtutem
1073 3588 1143 3640 esse,

98 3649 178 3726 quod
191 3647 216 3704 si
229 3645 351 3705 ulterius
365 3647 472 3718 tendat,
488 3647 519 3703 in
532 3645 636 3704 vitium
650 3647 769 3722 prolabi.
802 3647 907 3705 Contra
920 3664 978 3703 uno
992 3647 1146 3722 eodemque

97 3725 204 3788 mentis
226 3725 330 3786 habitu
353 3729 383 3785 et
405 3728 481 3802 reete
502 3724 623 3784 facimus
649 3729 680 3785 et
699 3743 859 3804 peccamus,
881 3724 968 3783 immo
991 3724 1146 3802 aliquando
